[gd_scene load_steps=53 format=2]

[ext_resource path="res://art/font/MAIN.otf" type="DynamicFontData" id=1]
[ext_resource path="res://art/techtree/soul.png" type="Texture" id=2]
[ext_resource path="res://art/techtree/flame.png" type="Texture" id=3]
[ext_resource path="res://art/techtree/tech.png" type="Texture" id=4]
[ext_resource path="res://art/techtree/fist.png" type="Texture" id=5]
[ext_resource path="res://art/techtree/flame_all.png" type="Texture" id=6]
[ext_resource path="res://art/techtree/atk.png" type="Texture" id=7]
[ext_resource path="res://art/techtree/firesword.png" type="Texture" id=8]
[ext_resource path="res://art/techtree/aura.png" type="Texture" id=9]
[ext_resource path="res://art/techtree/flame_shield.png" type="Texture" id=10]
[ext_resource path="res://art/techtree/weapon.png" type="Texture" id=11]
[ext_resource path="res://art/techtree/weapon_coat.png" type="Texture" id=12]
[ext_resource path="res://art/techtree/def.png" type="Texture" id=13]
[ext_resource path="res://art/techtree/charge.png" type="Texture" id=14]
[ext_resource path="res://art/techtree/flame_tech.png" type="Texture" id=15]
[ext_resource path="res://art/techtree/spd.png" type="Texture" id=16]
[ext_resource path="res://art/techtree/spi.png" type="Texture" id=17]
[ext_resource path="res://art/techtree/ball.png" type="Texture" id=18]
[ext_resource path="res://art/techtree/back.png" type="Texture" id=19]
[ext_resource path="res://art/techtree/blood.png" type="Texture" id=20]
[ext_resource path="res://art/techtree/di_barrier.png" type="Texture" id=21]
[ext_resource path="res://art/techtree/star.png" type="Texture" id=22]
[ext_resource path="res://art/techtree/prc.png" type="Texture" id=23]
[ext_resource path="res://art/techtree/hit.png" type="Texture" id=24]
[ext_resource path="res://art/techtree/stab.png" type="Texture" id=25]
[ext_resource path="res://art/techtree/cut.png" type="Texture" id=26]
[ext_resource path="res://art/techtree/blood_rev.png" type="Texture" id=27]
[ext_resource path="res://art/techtree/mutation.png" type="Texture" id=28]
[ext_resource path="res://art/techtree/crystalland.png" type="Texture" id=29]
[ext_resource path="res://art/techtree/crystalwall.png" type="Texture" id=30]
[ext_resource path="res://art/techtree/crystal_all.png" type="Texture" id=31]
[ext_resource path="res://art/techtree/crystalthrow.png" type="Texture" id=32]
[ext_resource path="res://art/techtree/telekinesis.png" type="Texture" id=33]
[ext_resource path="res://art/techtree/gold.png" type="Texture" id=34]
[ext_resource path="res://art/techtree/silver.png" type="Texture" id=35]
[ext_resource path="res://art/techtree/di.png" type="Texture" id=36]
[ext_resource path="res://art/techtree/arcane_all.png" type="Texture" id=37]
[ext_resource path="res://art/techtree/seal.png" type="Texture" id=38]
[ext_resource path="res://art/techtree/light_all.png" type="Texture" id=39]
[ext_resource path="res://art/techtree/barrier.png" type="Texture" id=40]
[ext_resource path="res://art/techtree/mirror.png" type="Texture" id=41]
[ext_resource path="res://art/techtree/light_sword.png" type="Texture" id=42]
[ext_resource path="res://minigames/techtree.gd" type="Script" id=43]
[ext_resource path="res://art/techtree/ray.png" type="Texture" id=44]
[ext_resource path="res://interface/main_theme.tres" type="Theme" id=45]

[sub_resource type="DynamicFont" id=1]
size = 50
font_data = ExtResource( 1 )

[sub_resource type="Gradient" id=2]
offsets = PoolRealArray( 0.544402, 0.548263, 1 )
colors = PoolColorArray( 0.769531, 0.111221, 0.111221, 1, 0.820809, 0, 0, 1, 1, 0.0429688, 0.0429688, 1 )

[sub_resource type="StyleBoxFlat" id=3]
bg_color = Color( 0.25098, 0.25098, 0.25098, 1 )

[sub_resource type="DynamicFont" id=4]
size = 50
font_data = ExtResource( 1 )

[sub_resource type="DynamicFont" id=5]
size = 30
font_data = ExtResource( 1 )

[sub_resource type="DynamicFont" id=6]
size = 25
font_data = ExtResource( 1 )

[sub_resource type="DynamicFont" id=7]
size = 35
font_data = ExtResource( 1 )

[node name="techtree" type="Control"]
anchor_left = 0.5
anchor_top = 0.5
anchor_right = 0.5
anchor_bottom = 0.5
margin_left = -480.0
margin_top = -300.0
margin_right = 480.0
margin_bottom = 300.0
theme = ExtResource( 45 )
script = ExtResource( 43 )
__meta__ = {
"_edit_use_anchors_": false
}

[node name="tree" type="Panel" parent="."]
anchor_bottom = 1.0
margin_right = 592.0
__meta__ = {
"_edit_use_anchors_": false
}

[node name="main" type="Node2D" parent="tree"]
scale = Vector2( 0.72, 0.72 )

[node name="weapon" type="Button" parent="tree/main"]
margin_left = 355.667
margin_top = 66.6667
margin_right = 470.667
margin_bottom = 181.667
icon = ExtResource( 11 )
expand_icon = true
__meta__ = {
"_edit_use_anchors_": false
}

[node name="number" type="Label" parent="tree/main/weapon"]
margin_top = 115.0
margin_right = 89.0
margin_bottom = 178.0
custom_fonts/font = SubResource( 1 )
text = "0"
align = 1
valign = 2

[node name="spirit" type="Button" parent="tree/main"]
margin_left = 599.556
margin_top = 200.0
margin_right = 714.556
margin_bottom = 315.0
icon = ExtResource( 18 )
expand_icon = true
__meta__ = {
"_edit_use_anchors_": false
}

[node name="number" type="Label" parent="tree/main/spirit"]
margin_top = 115.0
margin_right = 89.0
margin_bottom = 178.0
custom_fonts/font = SubResource( 1 )
text = "0"
align = 1
valign = 2

[node name="flame" type="Button" parent="tree/main"]
margin_left = 599.556
margin_top = 444.444
margin_right = 714.556
margin_bottom = 559.444
icon = ExtResource( 3 )
expand_icon = true
__meta__ = {
"_edit_use_anchors_": false
}

[node name="number" type="Label" parent="tree/main/flame"]
margin_top = 115.0
margin_right = 89.0
margin_bottom = 178.0
custom_fonts/font = SubResource( 1 )
text = "0"
align = 1
valign = 2

[node name="melee" type="Button" parent="tree/main"]
margin_left = 355.556
margin_top = 600.111
margin_right = 470.556
margin_bottom = 715.111
icon = ExtResource( 5 )
expand_icon = true
__meta__ = {
"_edit_use_anchors_": false
}

[node name="number" type="Label" parent="tree/main/melee"]
margin_top = 115.0
margin_right = 89.0
margin_bottom = 178.0
custom_fonts/font = SubResource( 1 )
text = "0"
align = 1
valign = 2

[node name="crystal" type="Button" parent="tree/main"]
margin_left = 111.111
margin_top = 444.444
margin_right = 226.111
margin_bottom = 559.444
icon = ExtResource( 20 )
expand_icon = true
__meta__ = {
"_edit_use_anchors_": false
}

[node name="number" type="Label" parent="tree/main/crystal"]
margin_top = 115.0
margin_right = 89.0
margin_bottom = 178.0
custom_fonts/font = SubResource( 1 )
text = "0"
align = 1
valign = 2

[node name="arcane" type="Button" parent="tree/main"]
margin_left = 111.222
margin_top = 200.222
margin_right = 226.222
margin_bottom = 315.222
icon = ExtResource( 21 )
expand_icon = true
__meta__ = {
"_edit_use_anchors_": false
}

[node name="number" type="Label" parent="tree/main/arcane"]
margin_top = 115.0
margin_right = 89.0
margin_bottom = 178.0
custom_fonts/font = SubResource( 1 )
text = "0"
align = 1
valign = 2

[node name="flame" type="Node2D" parent="tree"]
visible = false
scale = Vector2( 0.72, 0.72 )

[node name="arrows" type="Node2D" parent="tree/flame"]

[node name="l1t4" type="Line2D" parent="tree/flame/arrows"]
position = Vector2( -79.8944, 22.2222 )
scale = Vector2( 1.06962, 1 )
points = PoolVector2Array( 199.349, 133.333, 344.78, 66.6667 )
default_color = Color( 0.996078, 0, 0, 1 )

[node name="l2t5" type="Line2D" parent="tree/flame/arrows"]
position = Vector2( -66.6666, 222.444 )
scale = Vector2( 1.06962, 1 )
points = PoolVector2Array( 186.982, 155.333, 332.413, 22.0004 )
width = 20.0
default_color = Color( 0.996078, 0, 0, 1 )

[node name="l2t6" type="Line2D" parent="tree/flame/arrows"]
position = Vector2( -66.6666, 222.444 )
scale = Vector2( 1.06962, 1 )
points = PoolVector2Array( 186.982, 155.333, 332.413, 222 )
width = 20.0
default_color = Color( 0.996078, 0, 0, 1 )

[node name="l3t7" type="Line2D" parent="tree/flame/arrows"]
position = Vector2( -66.6666, 222.222 )
scale = Vector2( 1.06962, 1 )
points = PoolVector2Array( 186.982, 377.556, 519.395, 311.111 )
width = 20.0
default_color = Color( 0.996078, 0, 0, 1 )

[node name="l3t8" type="Line2D" parent="tree/flame/arrows"]
position = Vector2( -66.6666, 222.444 )
scale = Vector2( 1.06962, 1 )
points = PoolVector2Array( 186.982, 377.556, 519.395, 488.667 )
width = 20.0
default_color = Color( 0.996078, 0, 0, 1 )

[node name="l4t9" type="Line2D" parent="tree/flame/arrows"]
position = Vector2( -66.6666, 222.444 )
scale = Vector2( 1.06962, 1 )
points = PoolVector2Array( 685.602, -133.556, 436.292, -133.556 )
width = 30.0
default_color = Color( 0.996078, 0, 0, 1 )

[node name="l4t10" type="Line2D" parent="tree/flame/arrows"]
position = Vector2( -66.6666, 222.444 )
scale = Vector2( 1.06962, 1 )
points = PoolVector2Array( 519.395, -22.4445, 436.292, -133.556 )
width = 20.0
default_color = Color( 0.996078, 0, 0, 1 )

[node name="l5t10" type="Line2D" parent="tree/flame/arrows"]
position = Vector2( -66.6666, 222.444 )
scale = Vector2( 1.06962, 1 )
points = PoolVector2Array( 519.395, -22.4445, 415.516, 44.2222 )
default_color = Color( 0.996078, 0, 0, 1 )

[node name="l6t11" type="Line2D" parent="tree/flame/arrows"]
position = Vector2( -66.6666, 222.444 )
scale = Vector2( 1.06962, 1 )
points = PoolVector2Array( 685.602, 133.112, 415.516, 222 )
width = 30.0
default_color = Color( 0.996078, 0, 0, 1 )

[node name="l7t12" type="Line2D" parent="tree/flame/arrows"]
position = Vector2( -66.6666, 222.444 )
scale = Vector2( 1.06962, 1 )
points = PoolVector2Array( 706.377, 399.778, 602.498, 310.889 )
width = 20.0
default_color = Color( 0.996078, 0, 0, 1 )

[node name="l8t12" type="Line2D" parent="tree/flame/arrows"]
position = Vector2( -66.6666, 222.444 )
scale = Vector2( 1.06962, 1 )
points = PoolVector2Array( 706.377, 399.778, 602.498, 488.667 )
width = 20.0
default_color = Color( 0.996078, 0, 0, 1 )

[node name="wave" type="Button" parent="tree/flame"]
margin_left = 22.2222
margin_top = 88.8889
margin_right = 137.222
margin_bottom = 203.889
icon = ExtResource( 3 )
expand_icon = true
__meta__ = {
"_edit_use_anchors_": false
}

[node name="small" type="Button" parent="tree/flame/wave"]
margin_left = 89.0
margin_top = 89.0
margin_right = 133.0
margin_bottom = 133.0
disabled = true
icon = ExtResource( 2 )
expand_icon = true
__meta__ = {
"_edit_use_anchors_": false
}

[node name="number" type="Label" parent="tree/flame/wave"]
margin_top = 115.0
margin_right = 89.0
margin_bottom = 178.0
custom_fonts/font = SubResource( 1 )
text = "0"
align = 1
valign = 2

[node name="flow" type="Button" parent="tree/flame"]
margin_left = 22.2222
margin_top = 311.111
margin_right = 137.222
margin_bottom = 426.111
icon = ExtResource( 4 )
expand_icon = true
__meta__ = {
"_edit_use_anchors_": false
}

[node name="number" type="Label" parent="tree/flame/flow"]
margin_top = 115.0
margin_right = 89.0
margin_bottom = 178.0
custom_fonts/font = SubResource( 1 )
text = "0"
align = 1
valign = 2

[node name="control" type="Button" parent="tree/flame"]
margin_left = 22.2222
margin_top = 533.333
margin_right = 137.222
margin_bottom = 648.333
icon = ExtResource( 4 )
expand_icon = true
__meta__ = {
"_edit_use_anchors_": false
}

[node name="number" type="Label" parent="tree/flame/control"]
margin_top = 115.0
margin_right = 89.0
margin_bottom = 178.0
custom_fonts/font = SubResource( 1 )
text = "0"
align = 1
valign = 2

[node name="spirit" type="Button" parent="tree/flame"]
margin_left = 288.889
margin_top = 22.2222
margin_right = 403.889
margin_bottom = 137.222
icon = ExtResource( 6 )
expand_icon = true
__meta__ = {
"_edit_use_anchors_": false
}

[node name="small" type="Button" parent="tree/flame/spirit"]
margin_left = 89.0
margin_top = 89.0
margin_right = 133.0
margin_bottom = 133.0
disabled = true
icon = ExtResource( 17 )
expand_icon = true
__meta__ = {
"_edit_use_anchors_": false
}

[node name="number" type="Label" parent="tree/flame/spirit"]
margin_top = 115.0
margin_right = 89.0
margin_bottom = 178.0
custom_fonts/font = SubResource( 1 )
text = "0"
align = 1
valign = 2

[node name="forge" type="Button" parent="tree/flame"]
margin_left = 266.667
margin_top = 200.0
margin_right = 381.667
margin_bottom = 315.0
icon = ExtResource( 12 )
expand_icon = true
__meta__ = {
"_edit_use_anchors_": false
}

[node name="small" type="Button" parent="tree/flame/forge"]
margin_left = 89.0
margin_top = 89.0
margin_right = 133.0
margin_bottom = 133.0
disabled = true
icon = ExtResource( 7 )
expand_icon = true
__meta__ = {
"_edit_use_anchors_": false
}

[node name="number" type="Label" parent="tree/flame/forge"]
margin_top = 115.0
margin_right = 89.0
margin_bottom = 178.0
custom_fonts/font = SubResource( 1 )
text = "0"
align = 1
valign = 2

[node name="halo" type="Button" parent="tree/flame"]
margin_left = 266.667
margin_top = 378.0
margin_right = 381.667
margin_bottom = 493.0
icon = ExtResource( 9 )
expand_icon = true
__meta__ = {
"_edit_use_anchors_": false
}

[node name="small" type="Button" parent="tree/flame/halo"]
margin_left = 67.0
margin_top = 89.0
margin_right = 111.0
margin_bottom = 133.0
disabled = true
icon = ExtResource( 11 )
expand_icon = true
__meta__ = {
"_edit_use_anchors_": false
}

[node name="small2" type="Button" parent="tree/flame/halo"]
margin_left = 110.667
margin_top = 88.889
margin_right = 154.667
margin_bottom = 132.889
disabled = true
icon = ExtResource( 13 )
expand_icon = true
__meta__ = {
"_edit_use_anchors_": false
}

[node name="number" type="Label" parent="tree/flame/halo"]
margin_top = 115.0
margin_right = 89.0
margin_bottom = 178.0
custom_fonts/font = SubResource( 1 )
text = "0"
align = 1
valign = 2

[node name="ray" type="Button" parent="tree/flame"]
margin_left = 466.667
margin_top = 467.0
margin_right = 581.667
margin_bottom = 582.0
icon = ExtResource( 44 )
expand_icon = true
__meta__ = {
"_edit_use_anchors_": false
}

[node name="small" type="Button" parent="tree/flame/ray"]
margin_left = 88.8889
margin_top = 89.1111
margin_right = 132.889
margin_bottom = 133.111
disabled = true
icon = ExtResource( 2 )
expand_icon = true
__meta__ = {
"_edit_use_anchors_": false
}

[node name="number" type="Label" parent="tree/flame/ray"]
margin_top = 115.0
margin_right = 89.0
margin_bottom = 178.0
custom_fonts/font = SubResource( 1 )
text = "0"
align = 1
valign = 2

[node name="shield" type="Button" parent="tree/flame"]
margin_left = 466.667
margin_top = 648.333
margin_right = 581.667
margin_bottom = 763.333
icon = ExtResource( 10 )
expand_icon = true
__meta__ = {
"_edit_use_anchors_": false
}

[node name="small" type="Button" parent="tree/flame/shield"]
margin_left = 88.8889
margin_top = 89.1111
margin_right = 132.889
margin_bottom = 133.111
disabled = true
icon = ExtResource( 2 )
expand_icon = true
__meta__ = {
"_edit_use_anchors_": false
}

[node name="number" type="Label" parent="tree/flame/shield"]
margin_top = 115.0
margin_right = 89.0
margin_bottom = 178.0
custom_fonts/font = SubResource( 1 )
text = "0"
align = 1
valign = 2
__meta__ = {
"_edit_use_anchors_": false
}

[node name="final" type="Button" parent="tree/flame"]
margin_left = 666.667
margin_top = 22.2222
margin_right = 781.667
margin_bottom = 137.222
icon = ExtResource( 14 )
expand_icon = true
__meta__ = {
"_edit_use_anchors_": false
}

[node name="small" type="Button" parent="tree/flame/final"]
margin_left = 88.8889
margin_top = 89.1111
margin_right = 132.889
margin_bottom = 133.111
disabled = true
icon = ExtResource( 17 )
expand_icon = true
__meta__ = {
"_edit_use_anchors_": false
}

[node name="number" type="Label" parent="tree/flame/final"]
margin_top = 115.0
margin_right = 89.0
margin_bottom = 178.0
custom_fonts/font = SubResource( 1 )
text = "0"
align = 1
valign = 2

[node name="sword" type="Button" parent="tree/flame"]
margin_left = 488.889
margin_top = 137.222
margin_right = 603.889
margin_bottom = 252.222
icon = ExtResource( 8 )
expand_icon = true
__meta__ = {
"_edit_use_anchors_": false
}

[node name="small" type="Button" parent="tree/flame/sword"]
margin_left = 88.8889
margin_top = 89.1111
margin_right = 132.889
margin_bottom = 133.111
disabled = true
icon = ExtResource( 17 )
expand_icon = true
__meta__ = {
"_edit_use_anchors_": false
}

[node name="number" type="Label" parent="tree/flame/sword"]
margin_top = 115.0
margin_right = 89.0
margin_bottom = 178.0
custom_fonts/font = SubResource( 1 )
text = "0"
align = 1
valign = 2

[node name="bonus" type="Button" parent="tree/flame"]
margin_left = 644.444
margin_top = 311.111
margin_right = 759.444
margin_bottom = 426.111
icon = ExtResource( 17 )
expand_icon = true
__meta__ = {
"_edit_use_anchors_": false
}

[node name="number" type="Label" parent="tree/flame/bonus"]
margin_top = 115.0
margin_right = 89.0
margin_bottom = 178.0
custom_fonts/font = SubResource( 1 )
text = "0"
align = 1
valign = 2

[node name="speed" type="Button" parent="tree/flame"]
margin_left = 666.667
margin_top = 565.778
margin_right = 781.667
margin_bottom = 680.778
icon = ExtResource( 15 )
expand_icon = true
__meta__ = {
"_edit_use_anchors_": false
}

[node name="small" type="Button" parent="tree/flame/speed"]
margin_left = 88.8889
margin_top = 89.1111
margin_right = 132.889
margin_bottom = 133.111
disabled = true
icon = ExtResource( 16 )
expand_icon = true
__meta__ = {
"_edit_use_anchors_": false
}

[node name="number" type="Label" parent="tree/flame/speed"]
margin_top = 115.0
margin_right = 89.0
margin_bottom = 178.0
custom_fonts/font = SubResource( 1 )
text = "0"
align = 1
valign = 2

[node name="weapon" type="Node2D" parent="tree"]
visible = false
scale = Vector2( 0.72, 0.72 )

[node name="arrows" type="Node2D" parent="tree/weapon"]

[node name="l1t4" type="Line2D" parent="tree/weapon/arrows"]
position = Vector2( -79.8944, 22.2222 )
scale = Vector2( 1.06962, 1 )
points = PoolVector2Array( 199.349, 133.333, 282.452, 88.8889 )
default_color = Color( 0.996078, 0, 0, 1 )

[node name="l2t5" type="Line2D" parent="tree/weapon/arrows"]
position = Vector2( -66.6666, 222.444 )
scale = Vector2( 1.06962, 1 )
points = PoolVector2Array( 186.982, 155.333, 394.74, 44.2227 )
default_color = Color( 0.996078, 0, 0, 1 )

[node name="l2t6" type="Line2D" parent="tree/weapon/arrows"]
position = Vector2( -66.6667, 222.444 )
scale = Vector2( 1.06962, 1 )
points = PoolVector2Array( 186.982, 155.333, 540.171, 155.333 )
default_color = Color( 0.996078, 0, 0, 1 )

[node name="l2t7" type="Line2D" parent="tree/weapon/arrows"]
position = Vector2( -66.6666, 222.222 )
scale = Vector2( 1.06962, 1 )
points = PoolVector2Array( 186.982, 155.556, 332.413, 266.667 )
default_color = Color( 0.996078, 0, 0, 1 )

[node name="l3t8" type="Line2D" parent="tree/weapon/arrows"]
position = Vector2( -66.6666, 222.444 )
scale = Vector2( 1.06962, 1 )
points = PoolVector2Array( 186.982, 377.556, 311.637, 466.445 )
default_color = Color( 0.996078, 0, 0, 1 )

[node name="l4t9" type="Line2D" parent="tree/weapon/arrows"]
position = Vector2( -66.6666, 222.444 )
scale = Vector2( 1.06962, 1 )
points = PoolVector2Array( 644.05, -133.555, 373.965, -111.333 )
width = 30.0
default_color = Color( 0.996078, 0, 0, 1 )
gradient = SubResource( 2 )

[node name="l4t10" type="Line2D" parent="tree/weapon/arrows"]
position = Vector2( -66.6666, 222.444 )
scale = Vector2( 1.06962, 1 )
points = PoolVector2Array( 706.377, 44.2227, 373.965, -111.333 )
width = 30.0
default_color = Color( 0.996078, 0, 0, 1 )

[node name="l5t10" type="Line2D" parent="tree/weapon/arrows"]
position = Vector2( -66.6666, 222.444 )
scale = Vector2( 1.06962, 1 )
points = PoolVector2Array( 685.602, 44.2227, 498.619, 44.2227 )
default_color = Color( 0.996078, 0, 0, 1 )

[node name="l7t11" type="Line2D" parent="tree/weapon/arrows"]
position = Vector2( -66.6666, 222.444 )
scale = Vector2( 1.06962, 1 )
points = PoolVector2Array( 685.602, 288.667, 415.516, 266.445 )
default_color = Color( 0.996078, 0, 0, 1 )

[node name="l8t11" type="Line2D" parent="tree/weapon/arrows"]
position = Vector2( -66.6666, 222.444 )
scale = Vector2( 1.06962, 1 )
points = PoolVector2Array( 706.377, 288.667, 373.965, 466.445 )
width = 20.0
default_color = Color( 0.996078, 0, 0, 1 )

[node name="l8t12" type="Line2D" parent="tree/weapon/arrows"]
position = Vector2( -66.6666, 222.444 )
scale = Vector2( 1.06962, 1 )
points = PoolVector2Array( 623.274, 466.445, 394.74, 466.445 )
width = 40.0
default_color = Color( 0.996078, 0, 0, 1 )

[node name="block" type="Button" parent="tree/weapon"]
margin_left = 22.2222
margin_top = 88.8889
margin_right = 137.222
margin_bottom = 203.889
icon = ExtResource( 13 )
expand_icon = true
__meta__ = {
"_edit_use_anchors_": false
}

[node name="small" type="Button" parent="tree/weapon/block"]
margin_left = 89.0
margin_top = 89.0
margin_right = 133.0
margin_bottom = 133.0
disabled = true
icon = ExtResource( 23 )
expand_icon = true
__meta__ = {
"_edit_use_anchors_": false
}

[node name="number" type="Label" parent="tree/weapon/block"]
margin_top = 115.0
margin_right = 89.0
margin_bottom = 178.0
custom_fonts/font = SubResource( 1 )
text = "0"
align = 1
valign = 2

[node name="precision" type="Button" parent="tree/weapon"]
margin_left = 22.2222
margin_top = 311.111
margin_right = 137.222
margin_bottom = 426.111
icon = ExtResource( 11 )
expand_icon = true
__meta__ = {
"_edit_use_anchors_": false
}

[node name="number" type="Label" parent="tree/weapon/precision"]
margin_top = 115.0
margin_right = 89.0
margin_bottom = 178.0
custom_fonts/font = SubResource( 1 )
text = "0"
align = 1
valign = 2

[node name="small" type="Button" parent="tree/weapon/precision"]
margin_left = 89.0
margin_top = 88.889
margin_right = 133.0
margin_bottom = 132.889
disabled = true
icon = ExtResource( 23 )
expand_icon = true
__meta__ = {
"_edit_use_anchors_": false
}

[node name="throw" type="Button" parent="tree/weapon"]
margin_left = 22.2222
margin_top = 533.333
margin_right = 137.222
margin_bottom = 648.333
icon = ExtResource( 22 )
expand_icon = true
__meta__ = {
"_edit_use_anchors_": false
}

[node name="number" type="Label" parent="tree/weapon/throw"]
margin_top = 115.0
margin_right = 89.0
margin_bottom = 178.0
custom_fonts/font = SubResource( 1 )
text = "0"
align = 1
valign = 2

[node name="small" type="Button" parent="tree/weapon/throw"]
margin_left = 89.0
margin_top = 88.8892
margin_right = 133.0
margin_bottom = 132.889
disabled = true
icon = ExtResource( 23 )
expand_icon = true
__meta__ = {
"_edit_use_anchors_": false
}

[node name="mastery" type="Button" parent="tree/weapon"]
margin_left = 222.222
margin_top = 44.4444
margin_right = 337.222
margin_bottom = 159.444
icon = ExtResource( 4 )
expand_icon = true
__meta__ = {
"_edit_use_anchors_": false
}

[node name="number" type="Label" parent="tree/weapon/mastery"]
margin_top = 115.0
margin_right = 89.0
margin_bottom = 178.0
custom_fonts/font = SubResource( 1 )
text = "0"
align = 1
valign = 2

[node name="hit" type="Button" parent="tree/weapon"]
margin_left = 355.667
margin_top = 189.999
margin_right = 470.667
margin_bottom = 304.999
icon = ExtResource( 24 )
expand_icon = true
__meta__ = {
"_edit_use_anchors_": false
}

[node name="small" type="Button" parent="tree/weapon/hit"]
margin_left = 89.0
margin_top = 89.0
margin_right = 133.0
margin_bottom = 133.0
disabled = true
icon = ExtResource( 7 )
expand_icon = true
__meta__ = {
"_edit_use_anchors_": false
}

[node name="number" type="Label" parent="tree/weapon/hit"]
margin_top = 115.0
margin_right = 89.0
margin_bottom = 178.0
custom_fonts/font = SubResource( 1 )
text = "0"
align = 1
valign = 2

[node name="cut" type="Button" parent="tree/weapon"]
margin_left = 511.111
margin_top = 315.222
margin_right = 626.111
margin_bottom = 430.222
icon = ExtResource( 26 )
expand_icon = true
__meta__ = {
"_edit_use_anchors_": false
}

[node name="small" type="Button" parent="tree/weapon/cut"]
margin_left = 92.778
margin_top = 84.778
margin_right = 136.778
margin_bottom = 128.778
disabled = true
icon = ExtResource( 7 )
expand_icon = true
__meta__ = {
"_edit_use_anchors_": false
}

[node name="number" type="Label" parent="tree/weapon/cut"]
margin_top = 115.0
margin_right = 89.0
margin_bottom = 178.0
custom_fonts/font = SubResource( 1 )
text = "0"
align = 1
valign = 2
__meta__ = {
"_edit_use_anchors_": false
}

[node name="stab" type="Button" parent="tree/weapon"]
margin_left = 277.363
margin_top = 426.111
margin_right = 392.363
margin_bottom = 541.111
icon = ExtResource( 25 )
expand_icon = true
__meta__ = {
"_edit_use_anchors_": false
}

[node name="small" type="Button" parent="tree/weapon/stab"]
margin_left = 88.8889
margin_top = 89.1111
margin_right = 132.889
margin_bottom = 133.111
disabled = true
icon = ExtResource( 7 )
expand_icon = true
__meta__ = {
"_edit_use_anchors_": false
}

[node name="number" type="Label" parent="tree/weapon/stab"]
margin_top = 115.0
margin_right = 89.0
margin_bottom = 178.0
custom_fonts/font = SubResource( 1 )
text = "0"
align = 1
valign = 2

[node name="skill" type="Button" parent="tree/weapon"]
margin_left = 244.444
margin_top = 622.222
margin_right = 359.444
margin_bottom = 737.222
icon = ExtResource( 4 )
expand_icon = true
__meta__ = {
"_edit_use_anchors_": false
}

[node name="number" type="Label" parent="tree/weapon/skill"]
margin_top = 115.0
margin_right = 89.0
margin_bottom = 178.0
custom_fonts/font = SubResource( 1 )
text = "0"
align = 1
valign = 2

[node name="final" type="Button" parent="tree/weapon"]
margin_left = 622.222
margin_top = 22.2222
margin_right = 737.222
margin_bottom = 137.222
icon = ExtResource( 14 )
expand_icon = true
__meta__ = {
"_edit_use_anchors_": false
}

[node name="small" type="Button" parent="tree/weapon/final"]
margin_left = 66.6667
margin_top = 89.1111
margin_right = 110.667
margin_bottom = 133.111
disabled = true
icon = ExtResource( 7 )
expand_icon = true
__meta__ = {
"_edit_use_anchors_": false
}

[node name="small2" type="Button" parent="tree/weapon/final"]
margin_left = 110.223
margin_top = 89.1111
margin_right = 154.223
margin_bottom = 133.111
disabled = true
icon = ExtResource( 16 )
expand_icon = true
__meta__ = {
"_edit_use_anchors_": false
}

[node name="number" type="Label" parent="tree/weapon/final"]
margin_top = 115.0
margin_right = 89.0
margin_bottom = 178.0
custom_fonts/font = SubResource( 1 )
text = "0"
align = 1
valign = 2

[node name="repair" type="Button" parent="tree/weapon"]
margin_left = 666.667
margin_top = 200.0
margin_right = 781.667
margin_bottom = 315.0
icon = ExtResource( 4 )
expand_icon = true
__meta__ = {
"_edit_use_anchors_": false
}

[node name="small" type="Button" parent="tree/weapon/repair"]
margin_left = 88.8889
margin_top = 89.1111
margin_right = 132.889
margin_bottom = 133.111
disabled = true
icon = ExtResource( 24 )
expand_icon = true
__meta__ = {
"_edit_use_anchors_": false
}

[node name="number" type="Label" parent="tree/weapon/repair"]
margin_top = 115.0
margin_right = 89.0
margin_bottom = 178.0
custom_fonts/font = SubResource( 1 )
text = "0"
align = 1
valign = 2

[node name="speed" type="Button" parent="tree/weapon"]
margin_left = 666.667
margin_top = 444.444
margin_right = 781.667
margin_bottom = 559.444
icon = ExtResource( 11 )
expand_icon = true
__meta__ = {
"_edit_use_anchors_": false
}

[node name="small" type="Button" parent="tree/weapon/speed"]
margin_left = 88.8884
margin_top = 88.8886
margin_right = 132.889
margin_bottom = 132.889
disabled = true
icon = ExtResource( 16 )
expand_icon = true
__meta__ = {
"_edit_use_anchors_": false
}

[node name="number" type="Label" parent="tree/weapon/speed"]
margin_top = 115.0
margin_right = 89.0
margin_bottom = 178.0
custom_fonts/font = SubResource( 1 )
text = "0"
align = 1
valign = 2

[node name="bonus" type="Button" parent="tree/weapon"]
margin_left = 599.556
margin_top = 622.222
margin_right = 714.556
margin_bottom = 737.222
icon = ExtResource( 23 )
expand_icon = true
__meta__ = {
"_edit_use_anchors_": false
}

[node name="number" type="Label" parent="tree/weapon/bonus"]
margin_top = 115.0
margin_right = 89.0
margin_bottom = 178.0
custom_fonts/font = SubResource( 1 )
text = "0"
align = 1
valign = 2

[node name="crystal" type="Node2D" parent="tree"]
visible = false
scale = Vector2( 0.72, 0.72 )

[node name="arrows" type="Node2D" parent="tree/crystal"]

[node name="l1t4" type="Line2D" parent="tree/crystal/arrows"]
position = Vector2( -57.6722, 1.90735e-05 )
scale = Vector2( 1.06962, 1 )
points = PoolVector2Array( 178.573, 133.333, 303.228, 88.8889 )
width = 30.0
default_color = Color( 0.996078, 0, 0, 1 )

[node name="l2t5" type="Line2D" parent="tree/crystal/arrows"]
position = Vector2( -44.4444, 200.222 )
scale = Vector2( 1.06962, 1 )
points = PoolVector2Array( 186.982, 155.333, 436.292, 22.0004 )
width = 20.0
default_color = Color( 0.996078, 0, 0, 1 )

[node name="l2t6" type="Line2D" parent="tree/crystal/arrows"]
position = Vector2( -44.4445, 200.222 )
scale = Vector2( 1.06962, 1 )
points = PoolVector2Array( 186.982, 155.333, 519.395, 177.556 )
default_color = Color( 0.996078, 0, 0, 1 )

[node name="l2t7" type="Line2D" parent="tree/crystal/arrows"]
position = Vector2( -44.4444, 200 )
scale = Vector2( 1.06962, 1 )
points = PoolVector2Array( 186.982, 155.556, 332.413, 266.667 )
width = 30.0
default_color = Color( 0.996078, 0, 0, 1 )

[node name="l3t8" type="Line2D" parent="tree/crystal/arrows"]
position = Vector2( -44.4444, 200.222 )
scale = Vector2( 1.06962, 1 )
points = PoolVector2Array( 186.982, 444.223, 457.068, 399.778 )
width = 20.0
default_color = Color( 0.996078, 0, 0, 1 )

[node name="l4t9" type="Line2D" parent="tree/crystal/arrows"]
position = Vector2( -44.4444, 200.222 )
scale = Vector2( 1.06962, 1 )
points = PoolVector2Array( 560.947, -89.1107, 373.965, -111.333 )
width = 20.0
default_color = Color( 0.996078, 0, 0, 1 )

[node name="l4t10" type="Line2D" parent="tree/crystal/arrows"]
position = Vector2( -44.4444, 200.222 )
scale = Vector2( 1.06962, 1 )
points = PoolVector2Array( 436.292, 22.0004, 373.965, -111.333 )
default_color = Color( 0.996078, 0, 0, 1 )

[node name="l5t10" type="Line2D" parent="tree/crystal/arrows"]
position = Vector2( -44.4444, 200.222 )
scale = Vector2( 1.06962, 1 )
points = PoolVector2Array( 685.602, 66.4448, 560.947, 177.556 )
width = 30.0
default_color = Color( 0.996078, 0, 0, 1 )

[node name="l6t11" type="Line2D" parent="tree/crystal/arrows"]
position = Vector2( -44.4444, 200.222 )
scale = Vector2( 1.06962, 1 )
points = PoolVector2Array( 664.826, 333.112, 415.516, 266.445 )
default_color = Color( 0.996078, 0, 0, 1 )

[node name="l7t11" type="Line2D" parent="tree/crystal/arrows"]
position = Vector2( -44.4444, 200.222 )
scale = Vector2( 1.06962, 1 )
points = PoolVector2Array( 685.602, 333.112, 560.947, 377.556 )
default_color = Color( 0.996078, 0, 0, 1 )

[node name="l7t12" type="Line2D" parent="tree/crystal/arrows"]
position = Vector2( -44.4444, 200.222 )
scale = Vector2( 1.06962, 1 )
points = PoolVector2Array( 332.413, 510.889, 166.206, 444.223 )
width = 20.0
default_color = Color( 0.996078, 0, 0, 1 )

[node name="heal" type="Button" parent="tree/crystal"]
margin_left = 44.4444
margin_top = 66.6667
margin_right = 159.444
margin_bottom = 181.667
icon = ExtResource( 20 )
expand_icon = true
__meta__ = {
"_edit_use_anchors_": false
}

[node name="small" type="Button" parent="tree/crystal/heal"]
margin_left = 89.0
margin_top = 89.0
margin_right = 133.0
margin_bottom = 133.0
disabled = true
icon = ExtResource( 23 )
expand_icon = true
__meta__ = {
"_edit_use_anchors_": false
}

[node name="number" type="Label" parent="tree/crystal/heal"]
margin_top = 115.0
margin_right = 89.0
margin_bottom = 178.0
custom_fonts/font = SubResource( 1 )
text = "0"
align = 1
valign = 2
__meta__ = {
"_edit_use_anchors_": false
}

[node name="nerves" type="Button" parent="tree/crystal"]
margin_left = 44.4444
margin_top = 288.889
margin_right = 159.444
margin_bottom = 403.889
icon = ExtResource( 4 )
expand_icon = true
__meta__ = {
"_edit_use_anchors_": false
}

[node name="number" type="Label" parent="tree/crystal/nerves"]
margin_top = 115.0
margin_right = 89.0
margin_bottom = 178.0
custom_fonts/font = SubResource( 1 )
text = "0"
align = 1
valign = 2
__meta__ = {
"_edit_use_anchors_": false
}

[node name="heart" type="Button" parent="tree/crystal"]
margin_left = 44.4444
margin_top = 580.0
margin_right = 159.444
margin_bottom = 695.0
icon = ExtResource( 4 )
expand_icon = true
__meta__ = {
"_edit_use_anchors_": false
}

[node name="number" type="Label" parent="tree/crystal/heart"]
margin_top = 115.0
margin_right = 89.0
margin_bottom = 178.0
custom_fonts/font = SubResource( 1 )
text = "0"
align = 1
valign = 2
__meta__ = {
"_edit_use_anchors_": false
}

[node name="blood" type="Button" parent="tree/crystal"]
margin_left = 244.444
margin_top = 22.2222
margin_right = 359.444
margin_bottom = 137.222
icon = ExtResource( 27 )
expand_icon = true
__meta__ = {
"_edit_use_anchors_": false
}

[node name="number" type="Label" parent="tree/crystal/blood"]
margin_top = 115.0
margin_right = 89.0
margin_bottom = 178.0
custom_fonts/font = SubResource( 1 )
text = "0"
align = 1
valign = 2
__meta__ = {
"_edit_use_anchors_": false
}

[node name="mutation" type="Button" parent="tree/crystal"]
margin_left = 399.667
margin_top = 155.667
margin_right = 514.667
margin_bottom = 270.667
icon = ExtResource( 28 )
expand_icon = true
__meta__ = {
"_edit_use_anchors_": false
}

[node name="small" type="Button" parent="tree/crystal/mutation"]
margin_left = 89.0
margin_top = 89.0
margin_right = 133.0
margin_bottom = 133.0
disabled = true
icon = ExtResource( 2 )
expand_icon = true
__meta__ = {
"_edit_use_anchors_": false
}

[node name="number" type="Label" parent="tree/crystal/mutation"]
margin_top = 115.0
margin_right = 89.0
margin_bottom = 178.0
custom_fonts/font = SubResource( 1 )
text = "0"
align = 1
valign = 2
__meta__ = {
"_edit_use_anchors_": false
}

[node name="spirit" type="Button" parent="tree/crystal"]
margin_left = 466.667
margin_top = 315.0
margin_right = 581.667
margin_bottom = 430.0
icon = ExtResource( 31 )
expand_icon = true
__meta__ = {
"_edit_use_anchors_": false
}

[node name="small" type="Button" parent="tree/crystal/spirit"]
margin_left = 92.778
margin_top = 84.778
margin_right = 136.778
margin_bottom = 128.778
disabled = true
icon = ExtResource( 17 )
expand_icon = true
__meta__ = {
"_edit_use_anchors_": false
}

[node name="number" type="Label" parent="tree/crystal/spirit"]
margin_top = 115.0
margin_right = 89.0
margin_bottom = 178.0
custom_fonts/font = SubResource( 1 )
text = "0"
align = 1
valign = 2
__meta__ = {
"_edit_use_anchors_": false
}

[node name="precision" type="Button" parent="tree/crystal"]
margin_left = 299.585
margin_top = 403.889
margin_right = 414.585
margin_bottom = 518.889
icon = ExtResource( 31 )
expand_icon = true
__meta__ = {
"_edit_use_anchors_": false
}

[node name="small" type="Button" parent="tree/crystal/precision"]
margin_left = 88.8889
margin_top = 89.1111
margin_right = 132.889
margin_bottom = 133.111
disabled = true
icon = ExtResource( 23 )
expand_icon = true
__meta__ = {
"_edit_use_anchors_": false
}

[node name="number" type="Label" parent="tree/crystal/precision"]
margin_top = 115.0
margin_right = 89.0
margin_bottom = 178.0
custom_fonts/font = SubResource( 1 )
text = "0"
align = 1
valign = 2
__meta__ = {
"_edit_use_anchors_": false
}

[node name="wall" type="Button" parent="tree/crystal"]
margin_left = 443.556
margin_top = 537.222
margin_right = 558.556
margin_bottom = 652.222
icon = ExtResource( 30 )
expand_icon = true
__meta__ = {
"_edit_use_anchors_": false
}

[node name="number" type="Label" parent="tree/crystal/wall"]
margin_top = 115.0
margin_right = 89.0
margin_bottom = 178.0
custom_fonts/font = SubResource( 1 )
text = "0"
align = 1
valign = 2
__meta__ = {
"_edit_use_anchors_": false
}

[node name="bonus" type="Button" parent="tree/crystal"]
margin_left = 534.163
margin_top = 46.6658
margin_right = 649.163
margin_bottom = 161.666
icon = ExtResource( 13 )
expand_icon = true
__meta__ = {
"_edit_use_anchors_": false
}

[node name="number" type="Label" parent="tree/crystal/bonus"]
margin_top = 115.0
margin_right = 89.0
margin_bottom = 178.0
custom_fonts/font = SubResource( 1 )
text = "0"
align = 1
valign = 2
__meta__ = {
"_edit_use_anchors_": false
}

[node name="final" type="Button" parent="tree/crystal"]
margin_left = 644.0
margin_top = 204.111
margin_right = 759.0
margin_bottom = 319.111
icon = ExtResource( 14 )
expand_icon = true
__meta__ = {
"_edit_use_anchors_": false
}

[node name="small" type="Button" parent="tree/crystal/final"]
margin_left = 88.8889
margin_top = 89.1111
margin_right = 132.889
margin_bottom = 133.111
disabled = true
icon = ExtResource( 24 )
expand_icon = true
__meta__ = {
"_edit_use_anchors_": false
}

[node name="number" type="Label" parent="tree/crystal/final"]
margin_top = 115.0
margin_right = 89.0
margin_bottom = 178.0
custom_fonts/font = SubResource( 1 )
text = "0"
align = 1
valign = 2
__meta__ = {
"_edit_use_anchors_": false
}

[node name="burst" type="Button" parent="tree/crystal"]
margin_left = 665.007
margin_top = 468.889
margin_right = 780.007
margin_bottom = 583.889
icon = ExtResource( 32 )
expand_icon = true
__meta__ = {
"_edit_use_anchors_": false
}

[node name="small" type="Button" parent="tree/crystal/burst"]
margin_left = 88.8884
margin_top = 88.8886
margin_right = 132.889
margin_bottom = 132.889
disabled = true
icon = ExtResource( 16 )
expand_icon = true
__meta__ = {
"_edit_use_anchors_": false
}

[node name="number" type="Label" parent="tree/crystal/burst"]
margin_top = 115.0
margin_right = 89.0
margin_bottom = 178.0
custom_fonts/font = SubResource( 1 )
text = "0"
align = 1
valign = 2
__meta__ = {
"_edit_use_anchors_": false
}

[node name="trap" type="Button" parent="tree/crystal"]
margin_left = 288.889
margin_top = 632.667
margin_right = 403.889
margin_bottom = 747.667
icon = ExtResource( 29 )
expand_icon = true
__meta__ = {
"_edit_use_anchors_": false
}

[node name="number" type="Label" parent="tree/crystal/trap"]
margin_top = 115.0
margin_right = 89.0
margin_bottom = 178.0
custom_fonts/font = SubResource( 1 )
text = "0"
align = 1
valign = 2

[node name="spirit" type="Node2D" parent="tree"]
visible = false
scale = Vector2( 0.72, 0.72 )

[node name="arrows" type="Node2D" parent="tree/spirit"]

[node name="l1t4" type="Line2D" parent="tree/spirit/arrows"]
position = Vector2( -57.6722, 1.90735e-05 )
scale = Vector2( 1.06962, 1 )
points = PoolVector2Array( 178.573, 133.333, 386.331, 88.8889 )
width = 30.0
default_color = Color( 0.996078, 0, 0, 1 )

[node name="l2t5" type="Line2D" parent="tree/spirit/arrows"]
position = Vector2( -44.4444, 200.222 )
scale = Vector2( 1.06962, 1 )
points = PoolVector2Array( 186.982, 155.333, 311.637, 110.889 )
width = 20.0
default_color = Color( 0.996078, 0, 0, 1 )

[node name="l2t6" type="Line2D" parent="tree/spirit/arrows"]
position = Vector2( -44.4445, 200.222 )
scale = Vector2( 1.06962, 1 )
points = PoolVector2Array( 394.74, 110.889, 644.05, 44.2226 )
default_color = Color( 0.996078, 0, 0, 1 )

[node name="l2t7" type="Line2D" parent="tree/spirit/arrows"]
position = Vector2( -44.4444, 200 )
scale = Vector2( 1.06962, 1 )
points = PoolVector2Array( 186.982, 155.556, 311.637, 288.889 )
width = 30.0
default_color = Color( 0.996078, 0, 0, 1 )

[node name="l3t8" type="Line2D" parent="tree/spirit/arrows"]
position = Vector2( -44.4444, 200.222 )
scale = Vector2( 1.06962, 1 )
points = PoolVector2Array( 436.292, 510.889, 560.947, 510.889 )
width = 20.0
default_color = Color( 0.996078, 0, 0, 1 )

[node name="l4t9" type="Line2D" parent="tree/spirit/arrows"]
position = Vector2( -44.4444, 200.222 )
scale = Vector2( 1.06962, 1 )
points = PoolVector2Array( 498.619, -44.6663, 394.74, 110.889 )
width = 20.0
default_color = Color( 0.996078, 0, 0, 1 )

[node name="l4t10" type="Line2D" parent="tree/spirit/arrows"]
position = Vector2( -44.4444, 200.222 )
scale = Vector2( 1.06962, 1 )
points = PoolVector2Array( 498.619, -44.6663, 186.982, -66.8885 )
default_color = Color( 0.996078, 0, 0, 1 )

[node name="l5t10" type="Line2D" parent="tree/spirit/arrows"]
position = Vector2( -44.4444, 200.222 )
scale = Vector2( 1.06962, 1 )
points = PoolVector2Array( 373.965, 110.889, 519.395, 177.556 )
width = 30.0
default_color = Color( 0.996078, 0, 0, 1 )

[node name="l6t11" type="Line2D" parent="tree/spirit/arrows"]
position = Vector2( -44.4444, 199.667 )
scale = Vector2( 1.06962, 1 )
points = PoolVector2Array( 664.826, 333.667, 373.965, 289.222 )
default_color = Color( 0.996078, 0, 0, 1 )

[node name="l7t11" type="Line2D" parent="tree/spirit/arrows"]
position = Vector2( -44.4444, 200.222 )
scale = Vector2( 1.06962, 1 )
points = PoolVector2Array( 560.947, 510.889, 394.74, 288.667 )
default_color = Color( 0.996078, 0, 0, 1 )

[node name="l7t12" type="Line2D" parent="tree/spirit/arrows"]
position = Vector2( -44.4444, 200.222 )
scale = Vector2( 1.06962, 1 )
points = PoolVector2Array( 332.413, 510.889, 166.206, 444.223 )
width = 20.0
default_color = Color( 0.996078, 0, 0, 1 )

[node name="ball" type="Button" parent="tree/spirit"]
margin_left = 44.4444
margin_top = 66.6667
margin_right = 159.444
margin_bottom = 181.667
icon = ExtResource( 18 )
expand_icon = true
__meta__ = {
"_edit_use_anchors_": false
}

[node name="small" type="Button" parent="tree/spirit/ball"]
margin_left = 89.0
margin_top = 89.0
margin_right = 133.0
margin_bottom = 133.0
disabled = true
icon = ExtResource( 23 )
expand_icon = true
__meta__ = {
"_edit_use_anchors_": false
}

[node name="number" type="Label" parent="tree/spirit/ball"]
margin_top = 115.0
margin_right = 89.0
margin_bottom = 178.0
custom_fonts/font = SubResource( 1 )
text = "0"
align = 1
valign = 2
__meta__ = {
"_edit_use_anchors_": false
}

[node name="generation" type="Button" parent="tree/spirit"]
margin_left = 44.4444
margin_top = 288.889
margin_right = 159.444
margin_bottom = 403.889
icon = ExtResource( 4 )
expand_icon = true
__meta__ = {
"_edit_use_anchors_": false
}

[node name="number" type="Label" parent="tree/spirit/generation"]
margin_top = 115.0
margin_right = 89.0
margin_bottom = 178.0
custom_fonts/font = SubResource( 1 )
text = "0"
align = 1
valign = 2
__meta__ = {
"_edit_use_anchors_": false
}

[node name="manipulation" type="Button" parent="tree/spirit"]
margin_left = 44.4444
margin_top = 580.0
margin_right = 159.444
margin_bottom = 695.0
icon = ExtResource( 4 )
expand_icon = true
__meta__ = {
"_edit_use_anchors_": false
}

[node name="number" type="Label" parent="tree/spirit/manipulation"]
margin_top = 115.0
margin_right = 89.0
margin_bottom = 178.0
custom_fonts/font = SubResource( 1 )
text = "0"
align = 1
valign = 2
__meta__ = {
"_edit_use_anchors_": false
}

[node name="speed" type="Button" parent="tree/spirit"]
margin_left = 337.222
margin_top = 22.2222
margin_right = 452.222
margin_bottom = 137.222
icon = ExtResource( 18 )
expand_icon = true
__meta__ = {
"_edit_use_anchors_": false
}

[node name="number" type="Label" parent="tree/spirit/speed"]
margin_top = 115.0
margin_right = 89.0
margin_bottom = 178.0
custom_fonts/font = SubResource( 1 )
text = "0"
align = 1
valign = 2
__meta__ = {
"_edit_use_anchors_": false
}

[node name="aura" type="Button" parent="tree/spirit"]
margin_left = 267.497
margin_top = 244.444
margin_right = 382.497
margin_bottom = 359.444
icon = ExtResource( 9 )
expand_icon = true
__meta__ = {
"_edit_use_anchors_": false
}

[node name="small" type="Button" parent="tree/spirit/aura"]
margin_left = 89.0
margin_top = 89.0
margin_right = 133.0
margin_bottom = 133.0
disabled = true
icon = ExtResource( 2 )
expand_icon = true
__meta__ = {
"_edit_use_anchors_": false
}

[node name="number" type="Label" parent="tree/spirit/aura"]
margin_top = 115.0
margin_right = 89.0
margin_bottom = 178.0
custom_fonts/font = SubResource( 1 )
text = "0"
align = 1
valign = 2
__meta__ = {
"_edit_use_anchors_": false
}

[node name="soul" type="Button" parent="tree/spirit"]
margin_left = 265.837
margin_top = 422.111
margin_right = 380.837
margin_bottom = 537.111
icon = ExtResource( 39 )
expand_icon = true
__meta__ = {
"_edit_use_anchors_": false
}

[node name="small" type="Button" parent="tree/spirit/soul"]
margin_left = 92.778
margin_top = 84.778
margin_right = 136.778
margin_bottom = 128.778
disabled = true
icon = ExtResource( 17 )
expand_icon = true
__meta__ = {
"_edit_use_anchors_": false
}

[node name="number" type="Label" parent="tree/spirit/soul"]
margin_top = 115.0
margin_right = 89.0
margin_bottom = 178.0
custom_fonts/font = SubResource( 1 )
text = "0"
align = 1
valign = 2
__meta__ = {
"_edit_use_anchors_": false
}

[node name="trench" type="Button" parent="tree/spirit"]
margin_left = 310.778
margin_top = 644.444
margin_right = 425.778
margin_bottom = 759.445
icon = ExtResource( 40 )
expand_icon = true
__meta__ = {
"_edit_use_anchors_": false
}

[node name="small" type="Button" parent="tree/spirit/trench"]
margin_left = 88.8889
margin_top = 89.1111
margin_right = 132.889
margin_bottom = 133.111
disabled = true
icon = ExtResource( 23 )
expand_icon = true
__meta__ = {
"_edit_use_anchors_": false
}

[node name="number" type="Label" parent="tree/spirit/trench"]
margin_top = 115.0
margin_right = 89.0
margin_bottom = 178.0
custom_fonts/font = SubResource( 1 )
text = "0"
align = 1
valign = 2
__meta__ = {
"_edit_use_anchors_": false
}

[node name="spear" type="Button" parent="tree/spirit"]
margin_left = 474.444
margin_top = 88.8889
margin_right = 589.444
margin_bottom = 203.889
icon = ExtResource( 42 )
expand_icon = true
__meta__ = {
"_edit_use_anchors_": false
}

[node name="number" type="Label" parent="tree/spirit/spear"]
margin_top = 115.0
margin_right = 89.0
margin_bottom = 178.0
custom_fonts/font = SubResource( 1 )
text = "0"
align = 1
valign = 2
__meta__ = {
"_edit_use_anchors_": false
}

[node name="coat" type="Button" parent="tree/spirit"]
margin_left = 487.556
margin_top = 311.333
margin_right = 602.556
margin_bottom = 426.333
icon = ExtResource( 12 )
expand_icon = true
__meta__ = {
"_edit_use_anchors_": false
}

[node name="number" type="Label" parent="tree/spirit/coat"]
margin_top = 115.0
margin_right = 89.0
margin_bottom = 178.0
custom_fonts/font = SubResource( 1 )
text = "0"
align = 1
valign = 2
__meta__ = {
"_edit_use_anchors_": false
}

[node name="final" type="Button" parent="tree/spirit"]
margin_left = 644.444
margin_top = 470.333
margin_right = 759.444
margin_bottom = 585.333
icon = ExtResource( 14 )
expand_icon = true
__meta__ = {
"_edit_use_anchors_": false
}

[node name="small" type="Button" parent="tree/spirit/final"]
margin_left = 88.8889
margin_top = 89.1111
margin_right = 132.889
margin_bottom = 133.111
disabled = true
icon = ExtResource( 24 )
expand_icon = true
__meta__ = {
"_edit_use_anchors_": false
}

[node name="number" type="Label" parent="tree/spirit/final"]
margin_top = 115.0
margin_right = 89.0
margin_bottom = 178.0
custom_fonts/font = SubResource( 1 )
text = "0"
align = 1
valign = 2
__meta__ = {
"_edit_use_anchors_": false
}

[node name="mirror" type="Button" parent="tree/spirit"]
margin_left = 555.111
margin_top = 645.0
margin_right = 670.111
margin_bottom = 760.0
icon = ExtResource( 41 )
expand_icon = true
__meta__ = {
"_edit_use_anchors_": false
}

[node name="small" type="Button" parent="tree/spirit/mirror"]
margin_left = 88.8884
margin_top = 88.8886
margin_right = 132.889
margin_bottom = 132.889
disabled = true
icon = ExtResource( 16 )
expand_icon = true
__meta__ = {
"_edit_use_anchors_": false
}

[node name="number" type="Label" parent="tree/spirit/mirror"]
margin_top = 115.0
margin_right = 89.0
margin_bottom = 178.0
custom_fonts/font = SubResource( 1 )
text = "0"
align = 1
valign = 2
__meta__ = {
"_edit_use_anchors_": false
}

[node name="bonus" type="Button" parent="tree/spirit"]
margin_left = 624.778
margin_top = 177.333
margin_right = 739.778
margin_bottom = 292.333
icon = ExtResource( 16 )
expand_icon = true
__meta__ = {
"_edit_use_anchors_": false
}

[node name="number" type="Label" parent="tree/spirit/bonus"]
margin_top = 115.0
margin_right = 89.0
margin_bottom = 178.0
custom_fonts/font = SubResource( 1 )
text = "0"
align = 1
valign = 2

[node name="melee" type="Node2D" parent="tree"]
visible = false
scale = Vector2( 0.72, 0.72 )

[node name="arrows" type="Node2D" parent="tree/melee"]

[node name="l1t4" type="Line2D" parent="tree/melee/arrows"]
position = Vector2( -79.8944, 22.2222 )
scale = Vector2( 1.06962, 1 )
points = PoolVector2Array( 199.349, 222.222, 261.676, 88.8889 )
width = 20.0
default_color = Color( 0.996078, 0, 0, 1 )

[node name="l2t5" type="Line2D" parent="tree/melee/arrows"]
position = Vector2( -66.6666, 222.444 )
scale = Vector2( 1.06962, 1 )
points = PoolVector2Array( 186.982, 22.0004, 249.31, 199.778 )
width = 20.0
default_color = Color( 0.996078, 0, 0, 1 )

[node name="l2t6" type="Line2D" parent="tree/melee/arrows"]
position = Vector2( -66.6667, 222.444 )
scale = Vector2( 1.06962, 1 )
points = PoolVector2Array( 332.413, 222, 581.723, 177.556 )
default_color = Color( 0.996078, 0, 0, 1 )

[node name="l2t7" type="Line2D" parent="tree/melee/arrows"]
position = Vector2( -66.6666, 222.222 )
scale = Vector2( 1.06962, 1 )
points = PoolVector2Array( 332.413, 222.222, 706.377, 288.889 )
default_color = Color( 0.996078, 0, 0, 1 )

[node name="l3t8" type="Line2D" parent="tree/melee/arrows"]
position = Vector2( -66.6666, 222.444 )
scale = Vector2( 1.06962, 1 )
points = PoolVector2Array( 207.758, 488.667, 270.085, 488.667 )
default_color = Color( 0.996078, 0, 0, 1 )

[node name="l4t9" type="Line2D" parent="tree/melee/arrows"]
position = Vector2( -66.6666, 222.444 )
scale = Vector2( 1.06962, 1 )
points = PoolVector2Array( 436.292, -155.777, 332.413, -111.333 )
width = 30.0
default_color = Color( 0.996078, 0, 0, 1 )

[node name="l4t10" type="Line2D" parent="tree/melee/arrows"]
position = Vector2( -66.6666, 222.444 )
scale = Vector2( 1.06962, 1 )
points = PoolVector2Array( 581.723, -22.444, 332.413, -111.333 )
default_color = Color( 0.996078, 0, 0, 1 )

[node name="l5t10" type="Line2D" parent="tree/melee/arrows"]
position = Vector2( -66.6666, 222.444 )
scale = Vector2( 1.06962, 1 )
points = PoolVector2Array( 436.292, 66.4449, 332.413, -111.333 )
default_color = Color( 0.996078, 0, 0, 1 )

[node name="l6t11" type="Line2D" parent="tree/melee/arrows"]
position = Vector2( -66.6666, 222.444 )
scale = Vector2( 1.06962, 1 )
points = PoolVector2Array( 581.723, 377.556, 332.413, 222 )
default_color = Color( 0.996078, 0, 0, 1 )

[node name="l7t11" type="Line2D" parent="tree/melee/arrows"]
position = Vector2( -66.6666, 222.444 )
scale = Vector2( 1.06962, 1 )
points = PoolVector2Array( 457.068, 488.667, 373.964, 488.667 )
width = 30.0
default_color = Color( 0.996078, 0, 0, 1 )

[node name="focus" type="Button" parent="tree/melee"]
margin_left = 22.2222
margin_top = 189.999
margin_right = 137.222
margin_bottom = 305.0
icon = ExtResource( 4 )
expand_icon = true
__meta__ = {
"_edit_use_anchors_": false
}

[node name="number" type="Label" parent="tree/melee/focus"]
margin_top = 115.0
margin_right = 89.0
margin_bottom = 178.0
custom_fonts/font = SubResource( 1 )
text = "0"
align = 1
valign = 2

[node name="punch" type="Button" parent="tree/melee"]
margin_left = 44.4444
margin_top = 645.0
margin_right = 159.444
margin_bottom = 760.0
icon = ExtResource( 5 )
expand_icon = true
__meta__ = {
"_edit_use_anchors_": false
}

[node name="number" type="Label" parent="tree/melee/punch"]
margin_top = 115.0
margin_right = 89.0
margin_bottom = 178.0
custom_fonts/font = SubResource( 1 )
text = "0"
align = 1
valign = 2

[node name="small" type="Button" parent="tree/melee/punch"]
margin_left = 89.0
margin_top = 88.889
margin_right = 133.0
margin_bottom = 132.889
disabled = true
icon = ExtResource( 7 )
expand_icon = true
__meta__ = {
"_edit_use_anchors_": false
}

[node name="spirit" type="Button" parent="tree/melee"]
margin_left = 177.778
margin_top = 44.4444
margin_right = 292.778
margin_bottom = 159.444
icon = ExtResource( 17 )
expand_icon = true
__meta__ = {
"_edit_use_anchors_": false
}

[node name="number" type="Label" parent="tree/melee/spirit"]
margin_top = 115.0
margin_right = 89.0
margin_bottom = 178.0
custom_fonts/font = SubResource( 1 )
text = "0"
align = 1
valign = 2

[node name="small" type="Button" parent="tree/melee/spirit"]
margin_left = 89.0
margin_top = 88.8892
margin_right = 133.0
margin_bottom = 132.889
disabled = true
icon = ExtResource( 4 )
expand_icon = true
__meta__ = {
"_edit_use_anchors_": false
}

[node name="block" type="Button" parent="tree/melee"]
margin_left = 177.778
margin_top = 378.222
margin_right = 292.778
margin_bottom = 493.222
icon = ExtResource( 13 )
expand_icon = true
__meta__ = {
"_edit_use_anchors_": false
}

[node name="number" type="Label" parent="tree/melee/block"]
margin_top = 115.0
margin_right = 89.0
margin_bottom = 178.0
custom_fonts/font = SubResource( 1 )
text = "0"
align = 1
valign = 2

[node name="small2" type="Button" parent="tree/melee/block"]
margin_left = 89.0
margin_top = 87.889
margin_right = 133.0
margin_bottom = 131.889
disabled = true
icon = ExtResource( 23 )
expand_icon = true
__meta__ = {
"_edit_use_anchors_": false
}

[node name="limit" type="Button" parent="tree/melee"]
margin_left = 222.222
margin_top = 648.333
margin_right = 337.222
margin_bottom = 763.333
icon = ExtResource( 4 )
expand_icon = true
__meta__ = {
"_edit_use_anchors_": false
}

[node name="number" type="Label" parent="tree/melee/limit"]
margin_top = 115.0
margin_right = 89.0
margin_bottom = 178.0
custom_fonts/font = SubResource( 1 )
text = "0"
align = 1
valign = 2

[node name="health" type="Button" parent="tree/melee"]
margin_left = 666.667
margin_top = 466.111
margin_right = 781.667
margin_bottom = 581.111
icon = ExtResource( 13 )
expand_icon = true
__meta__ = {
"_edit_use_anchors_": false
}

[node name="small" type="Button" parent="tree/melee/health"]
margin_left = 92.778
margin_top = 84.778
margin_right = 136.778
margin_bottom = 128.778
disabled = true
icon = ExtResource( 4 )
expand_icon = true
__meta__ = {
"_edit_use_anchors_": false
}

[node name="number" type="Label" parent="tree/melee/health"]
margin_top = 115.0
margin_right = 89.0
margin_bottom = 178.0
custom_fonts/font = SubResource( 1 )
text = "0"
align = 1
valign = 2
__meta__ = {
"_edit_use_anchors_": false
}

[node name="bonus" type="Button" parent="tree/melee"]
margin_left = 374.307
margin_top = 22.2222
margin_right = 489.307
margin_bottom = 137.222
icon = ExtResource( 7 )
expand_icon = true
__meta__ = {
"_edit_use_anchors_": false
}

[node name="number" type="Label" parent="tree/melee/bonus"]
margin_top = 115.0
margin_right = 89.0
margin_bottom = 178.0
custom_fonts/font = SubResource( 1 )
text = "0"
align = 1
valign = 2

[node name="soul" type="Button" parent="tree/melee"]
margin_left = 533.333
margin_top = 133.333
margin_right = 648.333
margin_bottom = 248.333
icon = ExtResource( 2 )
expand_icon = true
__meta__ = {
"_edit_use_anchors_": false
}

[node name="small" type="Button" parent="tree/melee/soul"]
margin_left = 92.222
margin_top = 92.9998
margin_right = 136.222
margin_bottom = 137.0
disabled = true
icon = ExtResource( 4 )
expand_icon = true
__meta__ = {
"_edit_use_anchors_": false
}

[node name="number" type="Label" parent="tree/melee/soul"]
margin_top = 115.0
margin_right = 89.0
margin_bottom = 178.0
custom_fonts/font = SubResource( 1 )
text = "0"
align = 1
valign = 2

[node name="precision" type="Button" parent="tree/melee"]
margin_left = 374.307
margin_top = 222.444
margin_right = 489.307
margin_bottom = 337.444
icon = ExtResource( 23 )
expand_icon = true
__meta__ = {
"_edit_use_anchors_": false
}

[node name="small" type="Button" parent="tree/melee/precision"]
margin_left = 89.222
margin_top = 88.8889
margin_right = 133.222
margin_bottom = 132.889
disabled = true
icon = ExtResource( 4 )
expand_icon = true
__meta__ = {
"_edit_use_anchors_": false
}

[node name="number" type="Label" parent="tree/melee/precision"]
margin_top = 115.0
margin_right = 89.0
margin_bottom = 178.0
custom_fonts/font = SubResource( 1 )
text = "0"
align = 1
valign = 2

[node name="speed" type="Button" parent="tree/melee"]
margin_left = 533.333
margin_top = 333.0
margin_right = 648.333
margin_bottom = 448.0
icon = ExtResource( 16 )
expand_icon = true
__meta__ = {
"_edit_use_anchors_": false
}

[node name="small" type="Button" parent="tree/melee/speed"]
margin_left = 88.8889
margin_top = 89.1111
margin_right = 132.889
margin_bottom = 133.111
disabled = true
icon = ExtResource( 4 )
expand_icon = true
__meta__ = {
"_edit_use_anchors_": false
}

[node name="number" type="Label" parent="tree/melee/speed"]
margin_top = 115.0
margin_right = 89.0
margin_bottom = 178.0
custom_fonts/font = SubResource( 1 )
text = "0"
align = 1
valign = 2

[node name="strength" type="Button" parent="tree/melee"]
margin_left = 533.333
margin_top = 533.333
margin_right = 648.333
margin_bottom = 648.333
icon = ExtResource( 7 )
expand_icon = true
__meta__ = {
"_edit_use_anchors_": false
}

[node name="small" type="Button" parent="tree/melee/strength"]
margin_left = 88.8884
margin_top = 88.8886
margin_right = 132.889
margin_bottom = 132.889
disabled = true
icon = ExtResource( 4 )
expand_icon = true
__meta__ = {
"_edit_use_anchors_": false
}

[node name="number" type="Label" parent="tree/melee/strength"]
margin_top = 115.0
margin_right = 89.0
margin_bottom = 178.0
custom_fonts/font = SubResource( 1 )
text = "0"
align = 1
valign = 2

[node name="final" type="Button" parent="tree/melee"]
margin_left = 410.252
margin_top = 648.333
margin_right = 525.252
margin_bottom = 763.333
icon = ExtResource( 14 )
expand_icon = true
__meta__ = {
"_edit_use_anchors_": false
}

[node name="small" type="Button" parent="tree/melee/final"]
margin_left = 56.4152
margin_top = 85.5561
margin_right = 100.415
margin_bottom = 129.556
disabled = true
icon = ExtResource( 7 )
expand_icon = true
__meta__ = {
"_edit_use_anchors_": false
}

[node name="small2" type="Button" parent="tree/melee/final"]
margin_left = 100.859
margin_top = 85.5561
margin_right = 144.859
margin_bottom = 129.556
disabled = true
icon = ExtResource( 16 )
expand_icon = true
__meta__ = {
"_edit_use_anchors_": false
}

[node name="number" type="Label" parent="tree/melee/final"]
margin_top = 115.0
margin_right = 89.0
margin_bottom = 178.0
custom_fonts/font = SubResource( 1 )
text = "0"
align = 1
valign = 2

[node name="arcane" type="Node2D" parent="tree"]
visible = false
scale = Vector2( 0.72, 0.72 )

[node name="arrows" type="Node2D" parent="tree/arcane"]

[node name="l1t4" type="Line2D" parent="tree/arcane/arrows"]
position = Vector2( -79.8944, 22.2222 )
scale = Vector2( 1.06962, 1 )
points = PoolVector2Array( 199.349, 222.222, 261.676, 88.8889 )
width = 30.0
default_color = Color( 0.996078, 0, 0, 1 )

[node name="l2t5" type="Line2D" parent="tree/arcane/arrows"]
position = Vector2( -66.6666, 222.444 )
scale = Vector2( 1.06962, 1 )
points = PoolVector2Array( 186.982, 22.0004, 290.861, 355.334 )
width = 20.0
default_color = Color( 0.996078, 0, 0, 1 )

[node name="l2t6" type="Line2D" parent="tree/arcane/arrows"]
position = Vector2( -66.6667, 222.444 )
scale = Vector2( 1.06962, 1 )
points = PoolVector2Array( 290.861, 355.334, 186.982, 488.667 )
default_color = Color( 0.996078, 0, 0, 1 )

[node name="l2t7" type="Line2D" parent="tree/arcane/arrows"]
position = Vector2( -66.6666, 222.222 )
scale = Vector2( 1.06962, 1 )
points = PoolVector2Array( 415.516, 155.556, 498.619, 66.6669 )
width = 20.0
default_color = Color( 0.996078, 0, 0, 1 )

[node name="l3t8" type="Line2D" parent="tree/arcane/arrows"]
position = Vector2( -66.6666, 222.444 )
scale = Vector2( 1.06962, 1 )
points = PoolVector2Array( 207.758, 488.667, 415.516, 488.667 )
width = 20.0
default_color = Color( 0.996078, 0, 0, 1 )

[node name="l4t9" type="Line2D" parent="tree/arcane/arrows"]
position = Vector2( -66.6666, 222.444 )
scale = Vector2( 1.06962, 1 )
points = PoolVector2Array( 602.498, -133.555, 332.413, -111.333 )
default_color = Color( 0.996078, 0, 0, 1 )

[node name="l4t10" type="Line2D" parent="tree/arcane/arrows"]
position = Vector2( -66.6666, 222.444 )
scale = Vector2( 1.06962, 1 )
points = PoolVector2Array( 685.602, 22.0004, 332.413, -111.333 )
width = 20.0
default_color = Color( 0.996078, 0, 0, 1 )

[node name="l5t10" type="Line2D" parent="tree/arcane/arrows"]
position = Vector2( -66.6666, 222.444 )
scale = Vector2( 1.06962, 1 )
points = PoolVector2Array( 332.413, 133.112, 166.206, 22.0004 )
width = 40.0
default_color = Color( 0.996078, 0, 0, 1 )

[node name="l6t11" type="Line2D" parent="tree/arcane/arrows"]
position = Vector2( -66.6666, 222.444 )
scale = Vector2( 1.06962, 1 )
points = PoolVector2Array( 664.826, 199.778, 394.74, 155.334 )
width = 20.0
default_color = Color( 0.996078, 0, 0, 1 )

[node name="l6t12" type="Line2D" parent="tree/arcane/arrows"]
position = Vector2( -66.6666, 222.444 )
scale = Vector2( 1.06962, 1 )
points = PoolVector2Array( 519.395, 310.889, 415.516, 155.334 )
width = 20.0
default_color = Color( 0.996078, 0, 0, 1 )

[node name="l7t11" type="Line2D" parent="tree/arcane/arrows"]
position = Vector2( -66.6666, 222.444 )
scale = Vector2( 1.06962, 1 )
points = PoolVector2Array( 685.602, 488.667, 498.619, 488.667 )
width = 20.0
default_color = Color( 0.996078, 0, 0, 1 )

[node name="link" type="Button" parent="tree/arcane"]
margin_left = 22.2222
margin_top = 189.999
margin_right = 137.222
margin_bottom = 305.0
icon = ExtResource( 4 )
expand_icon = true
__meta__ = {
"_edit_use_anchors_": false
}

[node name="number" type="Label" parent="tree/arcane/link"]
margin_top = 115.0
margin_right = 89.0
margin_bottom = 178.0
custom_fonts/font = SubResource( 1 )
text = "0"
align = 1
valign = 2

[node name="telekinesis" type="Button" parent="tree/arcane"]
margin_left = 44.4444
margin_top = 645.0
margin_right = 159.444
margin_bottom = 760.0
icon = ExtResource( 33 )
expand_icon = true
__meta__ = {
"_edit_use_anchors_": false
}

[node name="number" type="Label" parent="tree/arcane/telekinesis"]
margin_top = 115.0
margin_right = 89.0
margin_bottom = 178.0
custom_fonts/font = SubResource( 1 )
text = "0"
align = 1
valign = 2

[node name="small" type="Button" parent="tree/arcane/telekinesis"]
margin_left = 89.0
margin_top = 88.889
margin_right = 133.0
margin_bottom = 132.889
disabled = true
icon = ExtResource( 2 )
expand_icon = true
__meta__ = {
"_edit_use_anchors_": false
}

[node name="wind" type="Button" parent="tree/arcane"]
margin_left = 177.778
margin_top = 44.4444
margin_right = 292.778
margin_bottom = 159.444
icon = ExtResource( 35 )
expand_icon = true
__meta__ = {
"_edit_use_anchors_": false
}

[node name="number" type="Label" parent="tree/arcane/wind"]
margin_top = 115.0
margin_right = 89.0
margin_bottom = 178.0
custom_fonts/font = SubResource( 1 )
text = "0"
align = 1
valign = 2

[node name="small" type="Button" parent="tree/arcane/wind"]
margin_left = 89.0
margin_top = 88.8892
margin_right = 133.0
margin_bottom = 132.889
disabled = true
icon = ExtResource( 23 )
expand_icon = true
__meta__ = {
"_edit_use_anchors_": false
}

[node name="knowledge" type="Button" parent="tree/arcane"]
margin_left = 265.837
margin_top = 315.444
margin_right = 380.837
margin_bottom = 430.444
icon = ExtResource( 4 )
expand_icon = true
__meta__ = {
"_edit_use_anchors_": false
}

[node name="number" type="Label" parent="tree/arcane/knowledge"]
margin_top = 115.0
margin_right = 89.0
margin_bottom = 178.0
custom_fonts/font = SubResource( 1 )
text = "0"
align = 1
valign = 2

[node name="spirit" type="Button" parent="tree/arcane"]
margin_left = 222.222
margin_top = 511.111
margin_right = 337.222
margin_bottom = 626.111
icon = ExtResource( 37 )
expand_icon = true
__meta__ = {
"_edit_use_anchors_": false
}

[node name="small2" type="Button" parent="tree/arcane/spirit"]
margin_left = 88.059
margin_top = 92.1109
margin_right = 132.059
margin_bottom = 136.111
disabled = true
icon = ExtResource( 17 )
expand_icon = true
__meta__ = {
"_edit_use_anchors_": false
}

[node name="number" type="Label" parent="tree/arcane/spirit"]
margin_top = 115.0
margin_right = 89.0
margin_bottom = 178.0
custom_fonts/font = SubResource( 1 )
text = "0"
align = 1
valign = 2

[node name="barrier" type="Button" parent="tree/arcane"]
margin_left = 621.778
margin_top = 355.333
margin_right = 736.778
margin_bottom = 470.333
icon = ExtResource( 21 )
expand_icon = true
__meta__ = {
"_edit_use_anchors_": false
}

[node name="small" type="Button" parent="tree/arcane/barrier"]
margin_left = 92.778
margin_top = 84.778
margin_right = 136.778
margin_bottom = 128.778
disabled = true
icon = ExtResource( 2 )
expand_icon = true
__meta__ = {
"_edit_use_anchors_": false
}

[node name="number" type="Label" parent="tree/arcane/barrier"]
margin_top = 115.0
margin_right = 89.0
margin_bottom = 178.0
custom_fonts/font = SubResource( 1 )
text = "0"
align = 1
valign = 2
__meta__ = {
"_edit_use_anchors_": false
}

[node name="speed" type="Button" parent="tree/arcane"]
margin_left = 359.444
margin_top = 642.222
margin_right = 474.444
margin_bottom = 757.222
icon = ExtResource( 33 )
expand_icon = true
__meta__ = {
"_edit_use_anchors_": false
}

[node name="small2" type="Button" parent="tree/arcane/speed"]
margin_left = 84.112
margin_top = 94.9998
margin_right = 128.112
margin_bottom = 139.0
disabled = true
icon = ExtResource( 16 )
expand_icon = true
__meta__ = {
"_edit_use_anchors_": false
}

[node name="number" type="Label" parent="tree/arcane/speed"]
margin_top = 115.0
margin_right = 89.0
margin_bottom = 178.0
custom_fonts/font = SubResource( 1 )
text = "0"
align = 1
valign = 2

[node name="cloud" type="Button" parent="tree/arcane"]
margin_left = 535.778
margin_top = 22.2222
margin_right = 650.778
margin_bottom = 137.222
icon = ExtResource( 34 )
expand_icon = true
__meta__ = {
"_edit_use_anchors_": false
}

[node name="small" type="Button" parent="tree/arcane/cloud"]
margin_left = 92.222
margin_top = 92.9998
margin_right = 136.222
margin_bottom = 137.0
disabled = true
icon = ExtResource( 23 )
expand_icon = true
__meta__ = {
"_edit_use_anchors_": false
}

[node name="number" type="Label" parent="tree/arcane/cloud"]
margin_top = 115.0
margin_right = 89.0
margin_bottom = 178.0
custom_fonts/font = SubResource( 1 )
text = "0"
align = 1
valign = 2

[node name="bonus" type="Button" parent="tree/arcane"]
margin_left = 647.889
margin_top = 177.333
margin_right = 762.889
margin_bottom = 292.333
icon = ExtResource( 2 )
expand_icon = true
__meta__ = {
"_edit_use_anchors_": false
}

[node name="number" type="Label" parent="tree/arcane/bonus"]
margin_top = 115.0
margin_right = 89.0
margin_bottom = 178.0
custom_fonts/font = SubResource( 1 )
text = "0"
align = 1
valign = 2

[node name="di" type="Button" parent="tree/arcane"]
margin_left = 466.667
margin_top = 226.333
margin_right = 581.667
margin_bottom = 341.333
icon = ExtResource( 36 )
expand_icon = true
__meta__ = {
"_edit_use_anchors_": false
}

[node name="small" type="Button" parent="tree/arcane/di"]
margin_left = 88.8889
margin_top = 89.1111
margin_right = 132.889
margin_bottom = 133.111
disabled = true
icon = ExtResource( 2 )
expand_icon = true
__meta__ = {
"_edit_use_anchors_": false
}

[node name="number" type="Label" parent="tree/arcane/di"]
margin_top = 115.0
margin_right = 89.0
margin_bottom = 178.0
custom_fonts/font = SubResource( 1 )
text = "0"
align = 1
valign = 2

[node name="seal" type="Button" parent="tree/arcane"]
margin_left = 466.667
margin_top = 470.333
margin_right = 581.667
margin_bottom = 585.333
icon = ExtResource( 38 )
expand_icon = true
__meta__ = {
"_edit_use_anchors_": false
}

[node name="small" type="Button" parent="tree/arcane/seal"]
margin_left = 88.8884
margin_top = 88.8886
margin_right = 132.889
margin_bottom = 132.889
disabled = true
icon = ExtResource( 2 )
expand_icon = true
__meta__ = {
"_edit_use_anchors_": false
}

[node name="number" type="Label" parent="tree/arcane/seal"]
margin_top = 115.0
margin_right = 89.0
margin_bottom = 178.0
custom_fonts/font = SubResource( 1 )
text = "0"
align = 1
valign = 2

[node name="final" type="Button" parent="tree/arcane"]
margin_left = 644.0
margin_top = 648.333
margin_right = 759.0
margin_bottom = 763.333
icon = ExtResource( 14 )
expand_icon = true
__meta__ = {
"_edit_use_anchors_": false
}

[node name="small2" type="Button" parent="tree/arcane/final"]
margin_left = 88.889
margin_top = 82.7782
margin_right = 132.889
margin_bottom = 126.778
disabled = true
icon = ExtResource( 17 )
expand_icon = true
__meta__ = {
"_edit_use_anchors_": false
}

[node name="number" type="Label" parent="tree/arcane/final"]
margin_top = 115.0
margin_right = 89.0
margin_bottom = 178.0
custom_fonts/font = SubResource( 1 )
text = "0"
align = 1
valign = 2

[node name="menu" type="Panel" parent="."]
anchor_left = 1.0
anchor_right = 1.0
anchor_bottom = 1.0
margin_left = -368.0
custom_styles/panel = SubResource( 3 )
__meta__ = {
"_edit_use_anchors_": false
}

[node name="title" type="Label" parent="menu"]
margin_left = 32.0
margin_top = 33.5994
margin_right = 336.0
margin_bottom = 85.5994
custom_fonts/font = SubResource( 4 )
text = "Skill tree"
__meta__ = {
"_edit_use_anchors_": false
}

[node name="subtitle" type="Label" parent="menu"]
margin_left = 32.0
margin_top = 101.6
margin_right = 336.0
margin_bottom = 133.6
custom_fonts/font = SubResource( 5 )
text = "Choose tree"
__meta__ = {
"_edit_use_anchors_": false
}

[node name="description" type="RichTextLabel" parent="menu"]
margin_left = 32.0
margin_top = 158.0
margin_right = 336.0
margin_bottom = 384.0
custom_fonts/normal_font = SubResource( 6 )
bbcode_enabled = true
tab_size = 6
__meta__ = {
"_edit_use_anchors_": false
}

[node name="exp" type="Label" parent="menu"]
margin_left = 32.0
margin_top = 510.4
margin_right = 256.0
margin_bottom = 562.4
custom_fonts/font = SubResource( 4 )
text = "120000"
__meta__ = {
"_edit_use_anchors_": false
}

[node name="label" type="Label" parent="menu/exp"]
margin_top = -34.9598
margin_right = 304.0
margin_bottom = -2.95984
custom_fonts/font = SubResource( 5 )
text = "Remaining xp"
__meta__ = {
"_edit_use_anchors_": false
}

[node name="invest" type="Button" parent="menu"]
margin_left = 32.0
margin_top = 416.0
margin_right = 336.0
margin_bottom = 464.0
custom_fonts/font = SubResource( 7 )
disabled = true
text = "xp"
expand_icon = true
__meta__ = {
"_edit_use_anchors_": false
}

[node name="back" type="Button" parent="menu"]
margin_left = 272.0
margin_top = 496.0
margin_right = 336.0
margin_bottom = 560.0
icon = ExtResource( 19 )
expand_icon = true
__meta__ = {
"_edit_use_anchors_": false
}
[connection signal="pressed" from="tree/main/weapon" to="." method="_on_weapon_pressed"]
[connection signal="pressed" from="tree/main/spirit" to="." method="_on_light_pressed"]
[connection signal="pressed" from="tree/main/flame" to="." method="_on_flame_pressed"]
[connection signal="pressed" from="tree/main/melee" to="." method="_on_melee_pressed"]
[connection signal="pressed" from="tree/main/crystal" to="." method="_on_dark_pressed"]
[connection signal="pressed" from="tree/main/arcane" to="." method="_on_arcane_pressed"]
[connection signal="pressed" from="menu/invest" to="." method="_on_invest_pressed"]
[connection signal="pressed" from="menu/back" to="." method="_on_back_pressed"]
