[gd_scene load_steps=8 format=2]

[ext_resource path="res://effects/movingeffect.gd" type="Script" id=1]
[ext_resource path="res://battle/effects/resources/light.png" type="Texture" id=2]





[sub_resource type="CanvasItemMaterial" id=1]
particles_animation = true
particles_anim_h_frames = 1
particles_anim_v_frames = 1
particles_anim_loop = false

[sub_resource type="Curve2D" id=2]
bake_interval = 20.0
_data = {
"points": PoolVector2Array( 0, 0, 0, 0, 3.35461, -2.46033, 0, 0, 0, 0, 1023.34, -2.46033 )
}

[sub_resource type="CanvasItemMaterial" id=3]
particles_animation = true
particles_anim_h_frames = 1
particles_anim_v_frames = 1
particles_anim_loop = false

[sub_resource type="Curve" id=4]
min_value = -360.0
max_value = 360.0
_data = [ Vector2( 0, 1 ), 0.0, 0.0, 0, 0, Vector2( 1, 1 ), 0.0, 0.0, 0, 0 ]

[sub_resource type="Gradient" id=5]
colors = PoolColorArray( 1, 1, 1, 1, 1, 1, 1, 0 )

[node name="MovingEffect" type="Node2D"]
material = SubResource( 1 )
z_as_relative = false
script = ExtResource( 1 )
move_speed = 0

[node name="Path" type="Path2D" parent="."]
z_as_relative = false
curve = SubResource( 2 )

[node name="PathFollow2D" type="PathFollow2D" parent="Path"]
position = Vector2( 3.35461, -2.46033 )
rotation = -0.760813
z_as_relative = false
rotate = false

[node name="KinematicBody2D" type="KinematicBody2D" parent="Path/PathFollow2D"]
rotation = 0.760813
z_as_relative = false

[node name="Generator" type="CPUParticles2D" parent="Path/PathFollow2D/KinematicBody2D"]
material = SubResource( 3 )
position = Vector2( 0, -0.378677 )
amount = 50
lifetime = 2.0
randomness = 0.57
local_coords = false
texture = ExtResource( 2 )
emission_shape = 1
emission_sphere_radius = 2.0
direction = Vector2( 0, 0 )
spread = 180.0
gravity = Vector2( 0, -5 )
initial_velocity = 10.0
angular_velocity_curve = SubResource( 4 )
damping = 0.62
angle_random = 0.06
color_ramp = SubResource( 5 )
hue_variation = -0.02
hue_variation_random = 0.19
