[gd_scene load_steps=6 format=2]

[ext_resource path="res://tileset.tres" type="TileSet" id=1]
[ext_resource path="res://Main.gd" type="Script" id=2]
[ext_resource path="res://art/dynamicfont.tres" type="DynamicFont" id=3]
[ext_resource path="res://Camera2D.gd" type="Script" id=4]
[ext_resource path="res://list/Interface.gd" type="Script" id=5]

[node name="Main" type="Node2D"]
script = ExtResource( 2 )
__meta__ = {
"_edit_horizontal_guides_": [  ],
"_edit_vertical_guides_": [  ]
}

[node name="Nodes" type="Node2D" parent="."]

[node name="Base" type="TileMap" parent="Nodes"]
tile_set = ExtResource( 1 )
cell_size = Vector2( 128, 128 )
format = 1

[node name="Tiles" type="TileMap" parent="Nodes"]
z_index = 3
tile_set = ExtResource( 1 )
cell_size = Vector2( 128, 128 )
format = 1

[node name="Rectangles" type="Node2D" parent="Nodes"]
z_index = 10

[node name="Camera2D" type="Camera2D" parent="Nodes"]
anchor_mode = 0
current = true
script = ExtResource( 4 )

[node name="CanvasLayer" type="CanvasLayer" parent="."]

[node name="Control" type="Control" parent="CanvasLayer"]
anchor_left = 1.0
anchor_right = 1.0
anchor_bottom = 1.0
margin_left = -320.0
size_flags_horizontal = 3
size_flags_vertical = 3
__meta__ = {
"_edit_use_anchors_": false
}

[node name="Interface" type="Node2D" parent="CanvasLayer/Control"]
z_index = 100
script = ExtResource( 5 )

[node name="Panel" type="Panel" parent="CanvasLayer/Control/Interface"]
anchor_left = 1.0
anchor_right = 1.0
anchor_bottom = 1.0
margin_right = 320.0
margin_bottom = 608.0
size_flags_vertical = 3
__meta__ = {
"_edit_use_anchors_": false
}

[node name="Title" type="Label" parent="CanvasLayer/Control/Interface/Panel"]
margin_left = 16.0
margin_top = 16.0
margin_right = 304.0
margin_bottom = 48.0
custom_fonts/font = ExtResource( 3 )
text = "Region"
__meta__ = {
"_edit_use_anchors_": false
}

[node name="Scroll" type="ScrollContainer" parent="CanvasLayer/Control/Interface/Panel"]
margin_left = 16.0
margin_top = 64.0
margin_right = 304.0
margin_bottom = 576.0
__meta__ = {
"_edit_use_anchors_": false
}

[node name="List" type="VBoxContainer" parent="CanvasLayer/Control/Interface/Panel/Scroll"]
margin_right = 288.0
margin_bottom = 512.0
size_flags_horizontal = 3
size_flags_vertical = 3
