[gd_resource type="SpriteFrames" load_steps=22 format=2]

[ext_resource path="res://man/human/f_belt.png" type="Texture" id=1]


[sub_resource type="AtlasTexture" id=6]
flags = 4
atlas = ExtResource( 1 )
region = Rect2( 51, 102, 51, 102 )

[sub_resource type="AtlasTexture" id=7]
flags = 4
atlas = ExtResource( 1 )
region = Rect2( 102, 102, 51, 102 )

[sub_resource type="AtlasTexture" id=8]
flags = 4
atlas = ExtResource( 1 )
region = Rect2( 153, 102, 51, 102 )

[sub_resource type="AtlasTexture" id=9]
flags = 4
atlas = ExtResource( 1 )
region = Rect2( 204, 102, 51, 102 )

[sub_resource type="AtlasTexture" id=16]
flags = 4
atlas = ExtResource( 1 )
region = Rect2( 51, 306, 51, 102 )

[sub_resource type="AtlasTexture" id=17]
flags = 4
atlas = ExtResource( 1 )
region = Rect2( 0, 306, 51, 102 )

[sub_resource type="AtlasTexture" id=18]
flags = 4
atlas = ExtResource( 1 )
region = Rect2( 153, 306, 51, 102 )

[sub_resource type="AtlasTexture" id=19]
flags = 4
atlas = ExtResource( 1 )
region = Rect2( 102, 306, 51, 102 )

[sub_resource type="AtlasTexture" id=1]
flags = 4
atlas = ExtResource( 1 )
region = Rect2( 51, 0, 51, 102 )

[sub_resource type="AtlasTexture" id=2]
flags = 4
atlas = ExtResource( 1 )
region = Rect2( 102, 0, 51, 102 )

[sub_resource type="AtlasTexture" id=3]
flags = 4
atlas = ExtResource( 1 )
region = Rect2( 153, 0, 51, 102 )

[sub_resource type="AtlasTexture" id=4]
flags = 4
atlas = ExtResource( 1 )
region = Rect2( 204, 0, 51, 102 )

[sub_resource type="AtlasTexture" id=10]
flags = 4
atlas = ExtResource( 1 )
region = Rect2( 0, 102, 51, 102 )

[sub_resource type="AtlasTexture" id=20]
flags = 4
atlas = ExtResource( 1 )
region = Rect2( 204, 306, 51, 102 )

[sub_resource type="AtlasTexture" id=11]
flags = 4
atlas = ExtResource( 1 )
region = Rect2( 0, 204, 51, 102 )

[sub_resource type="AtlasTexture" id=12]
flags = 4
atlas = ExtResource( 1 )
region = Rect2( 51, 204, 51, 102 )

[sub_resource type="AtlasTexture" id=13]
flags = 4
atlas = ExtResource( 1 )
region = Rect2( 102, 204, 51, 102 )

[sub_resource type="AtlasTexture" id=14]
flags = 4
atlas = ExtResource( 1 )
region = Rect2( 153, 204, 51, 102 )

[sub_resource type="AtlasTexture" id=15]
flags = 4
atlas = ExtResource( 1 )
region = Rect2( 204, 204, 51, 102 )

[sub_resource type="AtlasTexture" id=5]
flags = 4
atlas = ExtResource( 1 )
region = Rect2( 0, 0, 51, 102 )

[resource]
animations = [ {
"frames": [ SubResource( 6 ), SubResource( 7 ), SubResource( 8 ), SubResource( 9 ) ],
"loop": true,
"name": "8run",
"speed": 5.0
}, {
"frames": [ SubResource( 16 ), SubResource( 17 ), SubResource( 18 ), SubResource( 19 ) ],
"loop": true,
"name": "4run",
"speed": 5.0
}, {
"frames": [ SubResource( 1 ), SubResource( 2 ), SubResource( 3 ), SubResource( 4 ) ],
"loop": true,
"name": "2run",
"speed": 5.0
}, {
"frames": [ SubResource( 10 ) ],
"loop": true,
"name": "8idle",
"speed": 5.0
}, {
"frames": [ SubResource( 20 ) ],
"loop": true,
"name": "4idle",
"speed": 5.0
}, {
"frames": [ SubResource( 11 ) ],
"loop": true,
"name": "6idle",
"speed": 5.0
}, {
"frames": [ SubResource( 12 ), SubResource( 13 ), SubResource( 14 ), SubResource( 15 ) ],
"loop": true,
"name": "6run",
"speed": 5.0
}, {
"frames": [ SubResource( 5 ) ],
"loop": true,
"name": "2idle",
"speed": 5.0
} ]
