[gd_resource type="SpriteFrames" load_steps=22 format=2]

[ext_resource path="res://man/human/basic_shield.png" type="Texture" id=1]


[sub_resource type="AtlasTexture" id=1]
flags = 4
atlas = ExtResource( 1 )
region = Rect2( 64, 384, 64, 128 )

[sub_resource type="AtlasTexture" id=2]
flags = 4
atlas = ExtResource( 1 )
region = Rect2( 128, 384, 64, 128 )

[sub_resource type="AtlasTexture" id=3]
flags = 4
atlas = ExtResource( 1 )
region = Rect2( 192, 384, 64, 128 )

[sub_resource type="AtlasTexture" id=4]
flags = 4
atlas = ExtResource( 1 )
region = Rect2( 256, 384, 64, 128 )

[sub_resource type="AtlasTexture" id=5]
flags = 4
atlas = ExtResource( 1 )
region = Rect2( 64, 0, 64, 128 )

[sub_resource type="AtlasTexture" id=6]
flags = 4
atlas = ExtResource( 1 )
region = Rect2( 128, 0, 64, 128 )

[sub_resource type="AtlasTexture" id=7]
flags = 4
atlas = ExtResource( 1 )
region = Rect2( 256, 0, 64, 128 )

[sub_resource type="AtlasTexture" id=8]
flags = 4
atlas = ExtResource( 1 )
region = Rect2( 192, 0, 64, 128 )

[sub_resource type="AtlasTexture" id=9]
flags = 4
atlas = ExtResource( 1 )
region = Rect2( 64, 256, 64, 128 )

[sub_resource type="AtlasTexture" id=10]
flags = 4
atlas = ExtResource( 1 )
region = Rect2( 128, 256, 64, 128 )

[sub_resource type="AtlasTexture" id=11]
flags = 4
atlas = ExtResource( 1 )
region = Rect2( 192, 256, 64, 128 )

[sub_resource type="AtlasTexture" id=12]
flags = 4
atlas = ExtResource( 1 )
region = Rect2( 256, 256, 64, 128 )

[sub_resource type="AtlasTexture" id=13]
flags = 4
atlas = ExtResource( 1 )
region = Rect2( 0, 0, 64, 128 )

[sub_resource type="AtlasTexture" id=14]
flags = 4
atlas = ExtResource( 1 )
region = Rect2( 0, 256, 64, 128 )

[sub_resource type="AtlasTexture" id=15]
flags = 4
atlas = ExtResource( 1 )
region = Rect2( 0, 128, 64, 128 )

[sub_resource type="AtlasTexture" id=16]
flags = 4
atlas = ExtResource( 1 )
region = Rect2( 0, 384, 64, 128 )

[sub_resource type="AtlasTexture" id=17]
flags = 4
atlas = ExtResource( 1 )
region = Rect2( 64, 128, 64, 128 )

[sub_resource type="AtlasTexture" id=18]
flags = 4
atlas = ExtResource( 1 )
region = Rect2( 128, 128, 64, 128 )

[sub_resource type="AtlasTexture" id=19]
flags = 4
atlas = ExtResource( 1 )
region = Rect2( 192, 128, 64, 128 )

[sub_resource type="AtlasTexture" id=20]
flags = 4
atlas = ExtResource( 1 )
region = Rect2( 256, 128, 64, 128 )

[resource]
animations = [ {
"frames": [ SubResource( 1 ), SubResource( 2 ), SubResource( 3 ), SubResource( 4 ) ],
"loop": true,
"name": "4run",
"speed": 5.0
}, {
"frames": [ SubResource( 5 ), SubResource( 6 ), SubResource( 7 ), SubResource( 8 ) ],
"loop": true,
"name": "2run",
"speed": 5.0
}, {
"frames": [ SubResource( 9 ), SubResource( 10 ), SubResource( 11 ), SubResource( 12 ) ],
"loop": true,
"name": "6run",
"speed": 5.0
}, {
"frames": [ SubResource( 13 ) ],
"loop": true,
"name": "2idle",
"speed": 5.0
}, {
"frames": [ SubResource( 14 ) ],
"loop": true,
"name": "6idle",
"speed": 5.0
}, {
"frames": [ SubResource( 15 ) ],
"loop": true,
"name": "8idle",
"speed": 5.0
}, {
"frames": [ SubResource( 16 ) ],
"loop": true,
"name": "4idle",
"speed": 5.0
}, {
"frames": [ SubResource( 17 ), SubResource( 18 ), SubResource( 19 ), SubResource( 20 ) ],
"loop": true,
"name": "8run",
"speed": 5.0
} ]
