[gd_resource type="SpriteFrames" load_steps=13 format=2]

[ext_resource path="res://art/human/torso/capa.png" type="Texture" id=1]

[sub_resource type="AtlasTexture" id=1]
flags = 4
atlas = ExtResource( 1 )
region = Rect2( 0, 0, 148, 120 )

[sub_resource type="AtlasTexture" id=2]
flags = 4
atlas = ExtResource( 1 )
region = Rect2( 148, 0, 148, 120 )

[sub_resource type="AtlasTexture" id=3]
flags = 4
atlas = ExtResource( 1 )
region = Rect2( 296, 0, 148, 120 )

[sub_resource type="AtlasTexture" id=4]
flags = 4
atlas = ExtResource( 1 )
region = Rect2( 1036, 0, 148, 120 )

[sub_resource type="AtlasTexture" id=5]
flags = 4
atlas = ExtResource( 1 )
region = Rect2( 1184, 0, 148, 120 )

[sub_resource type="AtlasTexture" id=6]
flags = 4
atlas = ExtResource( 1 )
region = Rect2( 148, 0, 148, 120 )

[sub_resource type="AtlasTexture" id=7]
flags = 4
atlas = ExtResource( 1 )
region = Rect2( 296, 0, 148, 120 )

[sub_resource type="AtlasTexture" id=8]
flags = 4
atlas = ExtResource( 1 )
region = Rect2( 444, 0, 148, 120 )

[sub_resource type="AtlasTexture" id=9]
flags = 4
atlas = ExtResource( 1 )
region = Rect2( 592, 0, 148, 120 )

[sub_resource type="AtlasTexture" id=10]
flags = 4
atlas = ExtResource( 1 )
region = Rect2( 740, 0, 148, 120 )

[sub_resource type="AtlasTexture" id=11]
flags = 4
atlas = ExtResource( 1 )
region = Rect2( 888, 0, 148, 120 )

[resource]
animations = [ {
"frames": [ SubResource( 1 ) ],
"loop": true,
"name": "normal",
"speed": 5.0
}, {
"frames": [ SubResource( 2 ), SubResource( 3 ), SubResource( 2 ) ],
"loop": true,
"name": "damage",
"speed": 5.0
}, {
"frames": [ SubResource( 4 ) ],
"loop": true,
"name": "block",
"speed": 5.0
}, {
"frames": [ SubResource( 4 ), SubResource( 5 ) ],
"loop": true,
"name": "punch",
"speed": 5.0
}, {
"frames": [ SubResource( 6 ), SubResource( 7 ), SubResource( 8 ), SubResource( 9 ), SubResource( 10 ), SubResource( 11 ) ],
"loop": false,
"name": "die",
"speed": 5.0
} ]
