[gd_resource type="SpriteFrames" load_steps=20 format=2]

[ext_resource path="res://art/human/arms/staff.png" type="Texture" id=1]

[sub_resource type="AtlasTexture" id=1]
flags = 4
atlas = ExtResource( 1 )
region = Rect2( 0, 0, 225, 180 )

[sub_resource type="AtlasTexture" id=2]
flags = 4
atlas = ExtResource( 1 )
region = Rect2( 225, 0, 225, 180 )

[sub_resource type="AtlasTexture" id=3]
flags = 4
atlas = ExtResource( 1 )
region = Rect2( 450, 0, 225, 180 )

[sub_resource type="AtlasTexture" id=4]
flags = 4
atlas = ExtResource( 1 )
region = Rect2( 4050, 0, 225, 180 )

[sub_resource type="AtlasTexture" id=5]
flags = 4
atlas = ExtResource( 1 )
region = Rect2( 1575, 0, 225, 180 )

[sub_resource type="AtlasTexture" id=6]
flags = 4
atlas = ExtResource( 1 )
region = Rect2( 1800, 0, 225, 180 )

[sub_resource type="AtlasTexture" id=7]
flags = 4
atlas = ExtResource( 1 )
region = Rect2( 225, 0, 225, 180 )

[sub_resource type="AtlasTexture" id=8]
flags = 4
atlas = ExtResource( 1 )
region = Rect2( 450, 0, 225, 180 )

[sub_resource type="AtlasTexture" id=9]
flags = 4
atlas = ExtResource( 1 )
region = Rect2( 675, 0, 225, 180 )

[sub_resource type="AtlasTexture" id=10]
flags = 4
atlas = ExtResource( 1 )
region = Rect2( 900, 0, 225, 180 )

[sub_resource type="AtlasTexture" id=11]
flags = 4
atlas = ExtResource( 1 )
region = Rect2( 1125, 0, 225, 180 )

[sub_resource type="AtlasTexture" id=12]
flags = 4
atlas = ExtResource( 1 )
region = Rect2( 1350, 0, 225, 180 )

[sub_resource type="AtlasTexture" id=13]
flags = 4
atlas = ExtResource( 1 )
region = Rect2( 2025, 0, 225, 180 )

[sub_resource type="AtlasTexture" id=14]
flags = 4
atlas = ExtResource( 1 )
region = Rect2( 2250, 0, 225, 180 )

[sub_resource type="AtlasTexture" id=15]
flags = 4
atlas = ExtResource( 1 )
region = Rect2( 2475, 0, 225, 180 )

[sub_resource type="AtlasTexture" id=16]
flags = 4
atlas = ExtResource( 1 )
region = Rect2( 2700, 0, 225, 180 )

[sub_resource type="AtlasTexture" id=17]
flags = 4
atlas = ExtResource( 1 )
region = Rect2( 2925, 0, 225, 180 )

[sub_resource type="AtlasTexture" id=18]
flags = 4
atlas = ExtResource( 1 )
region = Rect2( 3150, 0, 225, 180 )

[resource]
animations = [ {
"frames": [ SubResource( 1 ) ],
"loop": true,
"name": "normal",
"speed": 5.0
}, {
"frames": [ SubResource( 2 ), SubResource( 3 ), SubResource( 2 ) ],
"loop": true,
"name": "damage",
"speed": 5.0
}, {
"frames": [ SubResource( 4 ) ],
"loop": false,
"name": "block",
"speed": 5.0
}, {
"frames": [ SubResource( 5 ), SubResource( 6 ) ],
"loop": true,
"name": "punch",
"speed": 5.0
}, {
"frames": [ SubResource( 7 ), SubResource( 8 ), SubResource( 9 ), SubResource( 10 ), SubResource( 11 ), SubResource( 12 ) ],
"loop": false,
"name": "die",
"speed": 5.0
}, {
"frames": [ SubResource( 13 ), SubResource( 14 ) ],
"loop": true,
"name": "hit",
"speed": 5.0
}, {
"frames": [ SubResource( 15 ), SubResource( 16 ) ],
"loop": true,
"name": "punch2",
"speed": 5.0
}, {
"frames": [ SubResource( 17 ), SubResource( 18 ) ],
"loop": true,
"name": "hit2",
"speed": 5.0
} ]
