[gd_scene load_steps=145 format=2]

[ext_resource path="res://man/woman/hair.tres" type="SpriteFrames" id=1]
[ext_resource path="res://man/woman/skin.tres" type="SpriteFrames" id=2]
[ext_resource path="res://man/woman/tunic.tres" type="SpriteFrames" id=3]
[ext_resource path="res://man/woman/capa.tres" type="SpriteFrames" id=4]
[ext_resource path="res://man/woman/shoes.tres" type="SpriteFrames" id=5]
[ext_resource path="res://man/human/carry_hair.png" type="Texture" id=6]
[ext_resource path="res://man/human/carry_belt.png" type="Texture" id=7]
[ext_resource path="res://man/human/carry_short.png" type="Texture" id=8]
[ext_resource path="res://man/human/carry_tunic.png" type="Texture" id=9]
[ext_resource path="res://man/woman/short.tres" type="SpriteFrames" id=10]
[ext_resource path="res://man/woman/belt.tres" type="SpriteFrames" id=11]
[ext_resource path="res://man/human/carry_boots.png" type="Texture" id=12]
[ext_resource path="res://man/human/carry_skin.png" type="Texture" id=13]
[ext_resource path="res://man/Woman.gd" type="Script" id=14]
[ext_resource path="res://man/woman/chal.tres" type="SpriteFrames" id=15]
[ext_resource path="res://man/woman/headwear.tres" type="SpriteFrames" id=16]
[ext_resource path="res://man/woman/earring.tres" type="SpriteFrames" id=17]
[ext_resource path="res://man/woman/skirt.tres" type="SpriteFrames" id=18]

[sub_resource type="AtlasTexture" id=1]
flags = 4
atlas = ExtResource( 13 )
region = Rect2( 64, 128, 64, 128 )

[sub_resource type="AtlasTexture" id=2]
flags = 4
atlas = ExtResource( 13 )
region = Rect2( 128, 128, 64, 128 )

[sub_resource type="AtlasTexture" id=3]
flags = 4
atlas = ExtResource( 13 )
region = Rect2( 192, 128, 64, 128 )

[sub_resource type="AtlasTexture" id=4]
flags = 4
atlas = ExtResource( 13 )
region = Rect2( 256, 128, 64, 128 )

[sub_resource type="AtlasTexture" id=5]
flags = 4
atlas = ExtResource( 13 )
region = Rect2( 0, 384, 64, 128 )

[sub_resource type="AtlasTexture" id=6]
flags = 4
atlas = ExtResource( 13 )
region = Rect2( 0, 0, 64, 128 )

[sub_resource type="AtlasTexture" id=7]
flags = 4
atlas = ExtResource( 13 )
region = Rect2( 0, 128, 64, 128 )

[sub_resource type="AtlasTexture" id=8]
flags = 4
atlas = ExtResource( 13 )
region = Rect2( 0, 256, 64, 128 )

[sub_resource type="AtlasTexture" id=9]
flags = 4
atlas = ExtResource( 13 )
region = Rect2( 64, 256, 64, 128 )

[sub_resource type="AtlasTexture" id=10]
flags = 4
atlas = ExtResource( 13 )
region = Rect2( 128, 256, 64, 128 )

[sub_resource type="AtlasTexture" id=11]
flags = 4
atlas = ExtResource( 13 )
region = Rect2( 192, 256, 64, 128 )

[sub_resource type="AtlasTexture" id=12]
flags = 4
atlas = ExtResource( 13 )
region = Rect2( 256, 256, 64, 128 )

[sub_resource type="AtlasTexture" id=13]
flags = 4
atlas = ExtResource( 13 )
region = Rect2( 64, 0, 64, 128 )

[sub_resource type="AtlasTexture" id=14]
flags = 4
atlas = ExtResource( 13 )
region = Rect2( 128, 0, 64, 128 )

[sub_resource type="AtlasTexture" id=15]
flags = 4
atlas = ExtResource( 13 )
region = Rect2( 256, 0, 64, 128 )

[sub_resource type="AtlasTexture" id=16]
flags = 4
atlas = ExtResource( 13 )
region = Rect2( 192, 0, 64, 128 )

[sub_resource type="AtlasTexture" id=17]
flags = 4
atlas = ExtResource( 13 )
region = Rect2( 64, 384, 64, 128 )

[sub_resource type="AtlasTexture" id=18]
flags = 4
atlas = ExtResource( 13 )
region = Rect2( 128, 384, 64, 128 )

[sub_resource type="AtlasTexture" id=19]
flags = 4
atlas = ExtResource( 13 )
region = Rect2( 192, 384, 64, 128 )

[sub_resource type="AtlasTexture" id=20]
flags = 4
atlas = ExtResource( 13 )
region = Rect2( 256, 384, 64, 128 )

[sub_resource type="SpriteFrames" id=21]
animations = [ {
"frames": [ SubResource( 1 ), SubResource( 2 ), SubResource( 3 ), SubResource( 4 ) ],
"loop": true,
"name": "8run",
"speed": 5.0
}, {
"frames": [ SubResource( 5 ) ],
"loop": true,
"name": "4idle",
"speed": 5.0
}, {
"frames": [ SubResource( 6 ) ],
"loop": true,
"name": "2idle",
"speed": 5.0
}, {
"frames": [ SubResource( 7 ) ],
"loop": true,
"name": "8idle",
"speed": 5.0
}, {
"frames": [ SubResource( 8 ) ],
"loop": true,
"name": "6idle",
"speed": 5.0
}, {
"frames": [ SubResource( 9 ), SubResource( 10 ), SubResource( 11 ), SubResource( 12 ) ],
"loop": true,
"name": "6run",
"speed": 5.0
}, {
"frames": [ SubResource( 13 ), SubResource( 14 ), SubResource( 15 ), SubResource( 16 ) ],
"loop": true,
"name": "2run",
"speed": 5.0
}, {
"frames": [ SubResource( 17 ), SubResource( 18 ), SubResource( 19 ), SubResource( 20 ) ],
"loop": true,
"name": "4run",
"speed": 5.0
} ]

[sub_resource type="AtlasTexture" id=22]
flags = 4
atlas = ExtResource( 8 )
region = Rect2( 64, 128, 64, 128 )

[sub_resource type="AtlasTexture" id=23]
flags = 4
atlas = ExtResource( 8 )
region = Rect2( 128, 128, 64, 128 )

[sub_resource type="AtlasTexture" id=24]
flags = 4
atlas = ExtResource( 8 )
region = Rect2( 192, 128, 64, 128 )

[sub_resource type="AtlasTexture" id=25]
flags = 4
atlas = ExtResource( 8 )
region = Rect2( 256, 128, 64, 128 )

[sub_resource type="AtlasTexture" id=26]
flags = 4
atlas = ExtResource( 8 )
region = Rect2( 0, 384, 64, 128 )

[sub_resource type="AtlasTexture" id=27]
flags = 4
atlas = ExtResource( 8 )
region = Rect2( 0, 0, 64, 128 )

[sub_resource type="AtlasTexture" id=28]
flags = 4
atlas = ExtResource( 8 )
region = Rect2( 0, 128, 64, 128 )

[sub_resource type="AtlasTexture" id=29]
flags = 4
atlas = ExtResource( 8 )
region = Rect2( 0, 256, 64, 128 )

[sub_resource type="AtlasTexture" id=30]
flags = 4
atlas = ExtResource( 8 )
region = Rect2( 64, 256, 64, 128 )

[sub_resource type="AtlasTexture" id=31]
flags = 4
atlas = ExtResource( 8 )
region = Rect2( 128, 256, 64, 128 )

[sub_resource type="AtlasTexture" id=32]
flags = 4
atlas = ExtResource( 8 )
region = Rect2( 192, 256, 64, 128 )

[sub_resource type="AtlasTexture" id=33]
flags = 4
atlas = ExtResource( 8 )
region = Rect2( 256, 256, 64, 128 )

[sub_resource type="AtlasTexture" id=34]
flags = 4
atlas = ExtResource( 8 )
region = Rect2( 64, 0, 64, 128 )

[sub_resource type="AtlasTexture" id=35]
flags = 4
atlas = ExtResource( 8 )
region = Rect2( 128, 0, 64, 128 )

[sub_resource type="AtlasTexture" id=36]
flags = 4
atlas = ExtResource( 8 )
region = Rect2( 256, 0, 64, 128 )

[sub_resource type="AtlasTexture" id=37]
flags = 4
atlas = ExtResource( 8 )
region = Rect2( 192, 0, 64, 128 )

[sub_resource type="AtlasTexture" id=38]
flags = 4
atlas = ExtResource( 8 )
region = Rect2( 64, 384, 64, 128 )

[sub_resource type="AtlasTexture" id=39]
flags = 4
atlas = ExtResource( 8 )
region = Rect2( 128, 384, 64, 128 )

[sub_resource type="AtlasTexture" id=40]
flags = 4
atlas = ExtResource( 8 )
region = Rect2( 192, 384, 64, 128 )

[sub_resource type="AtlasTexture" id=41]
flags = 4
atlas = ExtResource( 8 )
region = Rect2( 256, 384, 64, 128 )

[sub_resource type="SpriteFrames" id=42]
animations = [ {
"frames": [ SubResource( 22 ), SubResource( 23 ), SubResource( 24 ), SubResource( 25 ) ],
"loop": true,
"name": "8run",
"speed": 5.0
}, {
"frames": [ SubResource( 26 ) ],
"loop": true,
"name": "4idle",
"speed": 5.0
}, {
"frames": [ SubResource( 27 ) ],
"loop": true,
"name": "2idle",
"speed": 5.0
}, {
"frames": [ SubResource( 28 ) ],
"loop": true,
"name": "8idle",
"speed": 5.0
}, {
"frames": [ SubResource( 29 ) ],
"loop": true,
"name": "6idle",
"speed": 5.0
}, {
"frames": [ SubResource( 30 ), SubResource( 31 ), SubResource( 32 ), SubResource( 33 ) ],
"loop": true,
"name": "6run",
"speed": 5.0
}, {
"frames": [ SubResource( 34 ), SubResource( 35 ), SubResource( 36 ), SubResource( 37 ) ],
"loop": true,
"name": "2run",
"speed": 5.0
}, {
"frames": [ SubResource( 38 ), SubResource( 39 ), SubResource( 40 ), SubResource( 41 ) ],
"loop": true,
"name": "4run",
"speed": 5.0
} ]

[sub_resource type="AtlasTexture" id=43]
flags = 4
atlas = ExtResource( 9 )
region = Rect2( 64, 128, 64, 128 )

[sub_resource type="AtlasTexture" id=44]
flags = 4
atlas = ExtResource( 9 )
region = Rect2( 128, 128, 64, 128 )

[sub_resource type="AtlasTexture" id=45]
flags = 4
atlas = ExtResource( 9 )
region = Rect2( 192, 128, 64, 128 )

[sub_resource type="AtlasTexture" id=46]
flags = 4
atlas = ExtResource( 9 )
region = Rect2( 256, 128, 64, 128 )

[sub_resource type="AtlasTexture" id=47]
flags = 4
atlas = ExtResource( 9 )
region = Rect2( 0, 384, 64, 128 )

[sub_resource type="AtlasTexture" id=48]
flags = 4
atlas = ExtResource( 9 )
region = Rect2( 0, 0, 64, 128 )

[sub_resource type="AtlasTexture" id=49]
flags = 4
atlas = ExtResource( 9 )
region = Rect2( 0, 128, 64, 128 )

[sub_resource type="AtlasTexture" id=50]
flags = 4
atlas = ExtResource( 9 )
region = Rect2( 0, 256, 64, 128 )

[sub_resource type="AtlasTexture" id=51]
flags = 4
atlas = ExtResource( 9 )
region = Rect2( 64, 256, 64, 128 )

[sub_resource type="AtlasTexture" id=52]
flags = 4
atlas = ExtResource( 9 )
region = Rect2( 128, 256, 64, 128 )

[sub_resource type="AtlasTexture" id=53]
flags = 4
atlas = ExtResource( 9 )
region = Rect2( 192, 256, 64, 128 )

[sub_resource type="AtlasTexture" id=54]
flags = 4
atlas = ExtResource( 9 )
region = Rect2( 256, 256, 64, 128 )

[sub_resource type="AtlasTexture" id=55]
flags = 4
atlas = ExtResource( 9 )
region = Rect2( 64, 0, 64, 128 )

[sub_resource type="AtlasTexture" id=56]
flags = 4
atlas = ExtResource( 9 )
region = Rect2( 128, 0, 64, 128 )

[sub_resource type="AtlasTexture" id=57]
flags = 4
atlas = ExtResource( 9 )
region = Rect2( 256, 0, 64, 128 )

[sub_resource type="AtlasTexture" id=58]
flags = 4
atlas = ExtResource( 9 )
region = Rect2( 192, 0, 64, 128 )

[sub_resource type="AtlasTexture" id=59]
flags = 4
atlas = ExtResource( 9 )
region = Rect2( 64, 384, 64, 128 )

[sub_resource type="AtlasTexture" id=60]
flags = 4
atlas = ExtResource( 9 )
region = Rect2( 128, 384, 64, 128 )

[sub_resource type="AtlasTexture" id=61]
flags = 4
atlas = ExtResource( 9 )
region = Rect2( 192, 384, 64, 128 )

[sub_resource type="AtlasTexture" id=62]
flags = 4
atlas = ExtResource( 9 )
region = Rect2( 256, 384, 64, 128 )

[sub_resource type="SpriteFrames" id=63]
animations = [ {
"frames": [ SubResource( 43 ), SubResource( 44 ), SubResource( 45 ), SubResource( 46 ) ],
"loop": true,
"name": "8run",
"speed": 5.0
}, {
"frames": [ SubResource( 47 ) ],
"loop": true,
"name": "4idle",
"speed": 5.0
}, {
"frames": [ SubResource( 48 ) ],
"loop": true,
"name": "2idle",
"speed": 5.0
}, {
"frames": [ SubResource( 49 ) ],
"loop": true,
"name": "8idle",
"speed": 5.0
}, {
"frames": [ SubResource( 50 ) ],
"loop": true,
"name": "6idle",
"speed": 5.0
}, {
"frames": [ SubResource( 51 ), SubResource( 52 ), SubResource( 53 ), SubResource( 54 ) ],
"loop": true,
"name": "6run",
"speed": 5.0
}, {
"frames": [ SubResource( 55 ), SubResource( 56 ), SubResource( 57 ), SubResource( 58 ) ],
"loop": true,
"name": "2run",
"speed": 5.0
}, {
"frames": [ SubResource( 59 ), SubResource( 60 ), SubResource( 61 ), SubResource( 62 ) ],
"loop": true,
"name": "4run",
"speed": 5.0
} ]

[sub_resource type="AtlasTexture" id=64]
flags = 4
atlas = ExtResource( 6 )
region = Rect2( 64, 128, 64, 128 )

[sub_resource type="AtlasTexture" id=65]
flags = 4
atlas = ExtResource( 6 )
region = Rect2( 128, 128, 64, 128 )

[sub_resource type="AtlasTexture" id=66]
flags = 4
atlas = ExtResource( 6 )
region = Rect2( 192, 128, 64, 128 )

[sub_resource type="AtlasTexture" id=67]
flags = 4
atlas = ExtResource( 6 )
region = Rect2( 256, 128, 64, 128 )

[sub_resource type="AtlasTexture" id=68]
flags = 4
atlas = ExtResource( 6 )
region = Rect2( 0, 384, 64, 128 )

[sub_resource type="AtlasTexture" id=69]
flags = 4
atlas = ExtResource( 6 )
region = Rect2( 0, 0, 64, 128 )

[sub_resource type="AtlasTexture" id=70]
flags = 4
atlas = ExtResource( 6 )
region = Rect2( 0, 128, 64, 128 )

[sub_resource type="AtlasTexture" id=71]
flags = 4
atlas = ExtResource( 6 )
region = Rect2( 0, 256, 64, 128 )

[sub_resource type="AtlasTexture" id=72]
flags = 4
atlas = ExtResource( 6 )
region = Rect2( 64, 256, 64, 128 )

[sub_resource type="AtlasTexture" id=73]
flags = 4
atlas = ExtResource( 6 )
region = Rect2( 128, 256, 64, 128 )

[sub_resource type="AtlasTexture" id=74]
flags = 4
atlas = ExtResource( 6 )
region = Rect2( 192, 256, 64, 128 )

[sub_resource type="AtlasTexture" id=75]
flags = 4
atlas = ExtResource( 6 )
region = Rect2( 256, 256, 64, 128 )

[sub_resource type="AtlasTexture" id=76]
flags = 4
atlas = ExtResource( 6 )
region = Rect2( 64, 0, 64, 128 )

[sub_resource type="AtlasTexture" id=77]
flags = 4
atlas = ExtResource( 6 )
region = Rect2( 128, 0, 64, 128 )

[sub_resource type="AtlasTexture" id=78]
flags = 4
atlas = ExtResource( 6 )
region = Rect2( 256, 0, 64, 128 )

[sub_resource type="AtlasTexture" id=79]
flags = 4
atlas = ExtResource( 6 )
region = Rect2( 192, 0, 64, 128 )

[sub_resource type="AtlasTexture" id=80]
flags = 4
atlas = ExtResource( 6 )
region = Rect2( 64, 384, 64, 128 )

[sub_resource type="AtlasTexture" id=81]
flags = 4
atlas = ExtResource( 6 )
region = Rect2( 128, 384, 64, 128 )

[sub_resource type="AtlasTexture" id=82]
flags = 4
atlas = ExtResource( 6 )
region = Rect2( 192, 384, 64, 128 )

[sub_resource type="AtlasTexture" id=83]
flags = 4
atlas = ExtResource( 6 )
region = Rect2( 256, 384, 64, 128 )

[sub_resource type="SpriteFrames" id=84]
animations = [ {
"frames": [ SubResource( 64 ), SubResource( 65 ), SubResource( 66 ), SubResource( 67 ) ],
"loop": true,
"name": "8run",
"speed": 5.0
}, {
"frames": [ SubResource( 68 ) ],
"loop": true,
"name": "4idle",
"speed": 5.0
}, {
"frames": [ SubResource( 69 ) ],
"loop": true,
"name": "2idle",
"speed": 5.0
}, {
"frames": [ SubResource( 70 ) ],
"loop": true,
"name": "8idle",
"speed": 5.0
}, {
"frames": [ SubResource( 71 ) ],
"loop": true,
"name": "6idle",
"speed": 5.0
}, {
"frames": [ SubResource( 72 ), SubResource( 73 ), SubResource( 74 ), SubResource( 75 ) ],
"loop": true,
"name": "6run",
"speed": 5.0
}, {
"frames": [ SubResource( 76 ), SubResource( 77 ), SubResource( 78 ), SubResource( 79 ) ],
"loop": true,
"name": "2run",
"speed": 5.0
}, {
"frames": [ SubResource( 80 ), SubResource( 81 ), SubResource( 82 ), SubResource( 83 ) ],
"loop": true,
"name": "4run",
"speed": 5.0
} ]

[sub_resource type="AtlasTexture" id=85]
flags = 4
atlas = ExtResource( 12 )
region = Rect2( 64, 128, 64, 128 )

[sub_resource type="AtlasTexture" id=86]
flags = 4
atlas = ExtResource( 12 )
region = Rect2( 128, 128, 64, 128 )

[sub_resource type="AtlasTexture" id=87]
flags = 4
atlas = ExtResource( 12 )
region = Rect2( 192, 128, 64, 128 )

[sub_resource type="AtlasTexture" id=88]
flags = 4
atlas = ExtResource( 12 )
region = Rect2( 256, 128, 64, 128 )

[sub_resource type="AtlasTexture" id=89]
flags = 4
atlas = ExtResource( 12 )
region = Rect2( 0, 384, 64, 128 )

[sub_resource type="AtlasTexture" id=90]
flags = 4
atlas = ExtResource( 12 )
region = Rect2( 0, 0, 64, 128 )

[sub_resource type="AtlasTexture" id=91]
flags = 4
atlas = ExtResource( 12 )
region = Rect2( 0, 128, 64, 128 )

[sub_resource type="AtlasTexture" id=92]
flags = 4
atlas = ExtResource( 12 )
region = Rect2( 0, 256, 64, 128 )

[sub_resource type="AtlasTexture" id=93]
flags = 4
atlas = ExtResource( 12 )
region = Rect2( 64, 256, 64, 128 )

[sub_resource type="AtlasTexture" id=94]
flags = 4
atlas = ExtResource( 12 )
region = Rect2( 128, 256, 64, 128 )

[sub_resource type="AtlasTexture" id=95]
flags = 4
atlas = ExtResource( 12 )
region = Rect2( 192, 256, 64, 128 )

[sub_resource type="AtlasTexture" id=96]
flags = 4
atlas = ExtResource( 12 )
region = Rect2( 256, 256, 64, 128 )

[sub_resource type="AtlasTexture" id=97]
flags = 4
atlas = ExtResource( 12 )
region = Rect2( 64, 0, 64, 128 )

[sub_resource type="AtlasTexture" id=98]
flags = 4
atlas = ExtResource( 12 )
region = Rect2( 128, 0, 64, 128 )

[sub_resource type="AtlasTexture" id=99]
flags = 4
atlas = ExtResource( 12 )
region = Rect2( 256, 0, 64, 128 )

[sub_resource type="AtlasTexture" id=100]
flags = 4
atlas = ExtResource( 12 )
region = Rect2( 192, 0, 64, 128 )

[sub_resource type="AtlasTexture" id=101]
flags = 4
atlas = ExtResource( 12 )
region = Rect2( 64, 384, 64, 128 )

[sub_resource type="AtlasTexture" id=102]
flags = 4
atlas = ExtResource( 12 )
region = Rect2( 128, 384, 64, 128 )

[sub_resource type="AtlasTexture" id=103]
flags = 4
atlas = ExtResource( 12 )
region = Rect2( 192, 384, 64, 128 )

[sub_resource type="AtlasTexture" id=104]
flags = 4
atlas = ExtResource( 12 )
region = Rect2( 256, 384, 64, 128 )

[sub_resource type="SpriteFrames" id=105]
animations = [ {
"frames": [ SubResource( 85 ), SubResource( 86 ), SubResource( 87 ), SubResource( 88 ) ],
"loop": true,
"name": "8run",
"speed": 5.0
}, {
"frames": [ SubResource( 89 ) ],
"loop": true,
"name": "4idle",
"speed": 5.0
}, {
"frames": [ SubResource( 90 ) ],
"loop": true,
"name": "2idle",
"speed": 5.0
}, {
"frames": [ SubResource( 91 ) ],
"loop": true,
"name": "8idle",
"speed": 5.0
}, {
"frames": [ SubResource( 92 ) ],
"loop": true,
"name": "6idle",
"speed": 5.0
}, {
"frames": [ SubResource( 93 ), SubResource( 94 ), SubResource( 95 ), SubResource( 96 ) ],
"loop": true,
"name": "6run",
"speed": 5.0
}, {
"frames": [ SubResource( 97 ), SubResource( 98 ), SubResource( 99 ), SubResource( 100 ) ],
"loop": true,
"name": "2run",
"speed": 5.0
}, {
"frames": [ SubResource( 101 ), SubResource( 102 ), SubResource( 103 ), SubResource( 104 ) ],
"loop": true,
"name": "4run",
"speed": 5.0
} ]

[sub_resource type="AtlasTexture" id=106]
flags = 4
atlas = ExtResource( 7 )
region = Rect2( 64, 128, 64, 128 )

[sub_resource type="AtlasTexture" id=107]
flags = 4
atlas = ExtResource( 7 )
region = Rect2( 128, 128, 64, 128 )

[sub_resource type="AtlasTexture" id=108]
flags = 4
atlas = ExtResource( 7 )
region = Rect2( 192, 128, 64, 128 )

[sub_resource type="AtlasTexture" id=109]
flags = 4
atlas = ExtResource( 7 )
region = Rect2( 256, 128, 64, 128 )

[sub_resource type="AtlasTexture" id=110]
flags = 4
atlas = ExtResource( 7 )
region = Rect2( 0, 384, 64, 128 )

[sub_resource type="AtlasTexture" id=111]
flags = 4
atlas = ExtResource( 7 )
region = Rect2( 0, 0, 64, 128 )

[sub_resource type="AtlasTexture" id=112]
flags = 4
atlas = ExtResource( 7 )
region = Rect2( 0, 128, 64, 128 )

[sub_resource type="AtlasTexture" id=113]
flags = 4
atlas = ExtResource( 7 )
region = Rect2( 0, 256, 64, 128 )

[sub_resource type="AtlasTexture" id=114]
flags = 4
atlas = ExtResource( 7 )
region = Rect2( 64, 256, 64, 128 )

[sub_resource type="AtlasTexture" id=115]
flags = 4
atlas = ExtResource( 7 )
region = Rect2( 128, 256, 64, 128 )

[sub_resource type="AtlasTexture" id=116]
flags = 4
atlas = ExtResource( 7 )
region = Rect2( 192, 256, 64, 128 )

[sub_resource type="AtlasTexture" id=117]
flags = 4
atlas = ExtResource( 7 )
region = Rect2( 256, 256, 64, 128 )

[sub_resource type="AtlasTexture" id=118]
flags = 4
atlas = ExtResource( 7 )
region = Rect2( 64, 0, 64, 128 )

[sub_resource type="AtlasTexture" id=119]
flags = 4
atlas = ExtResource( 7 )
region = Rect2( 128, 0, 64, 128 )

[sub_resource type="AtlasTexture" id=120]
flags = 4
atlas = ExtResource( 7 )
region = Rect2( 256, 0, 64, 128 )

[sub_resource type="AtlasTexture" id=121]
flags = 4
atlas = ExtResource( 7 )
region = Rect2( 192, 0, 64, 128 )

[sub_resource type="AtlasTexture" id=122]
flags = 4
atlas = ExtResource( 7 )
region = Rect2( 64, 384, 64, 128 )

[sub_resource type="AtlasTexture" id=123]
flags = 4
atlas = ExtResource( 7 )
region = Rect2( 128, 384, 64, 128 )

[sub_resource type="AtlasTexture" id=124]
flags = 4
atlas = ExtResource( 7 )
region = Rect2( 192, 384, 64, 128 )

[sub_resource type="AtlasTexture" id=125]
flags = 4
atlas = ExtResource( 7 )
region = Rect2( 256, 384, 64, 128 )

[sub_resource type="SpriteFrames" id=126]
animations = [ {
"frames": [ SubResource( 106 ), SubResource( 107 ), SubResource( 108 ), SubResource( 109 ) ],
"loop": true,
"name": "8run",
"speed": 5.0
}, {
"frames": [ SubResource( 110 ) ],
"loop": true,
"name": "4idle",
"speed": 5.0
}, {
"frames": [ SubResource( 111 ) ],
"loop": true,
"name": "2idle",
"speed": 5.0
}, {
"frames": [ SubResource( 112 ) ],
"loop": true,
"name": "8idle",
"speed": 5.0
}, {
"frames": [ SubResource( 113 ) ],
"loop": true,
"name": "6idle",
"speed": 5.0
}, {
"frames": [ SubResource( 114 ), SubResource( 115 ), SubResource( 116 ), SubResource( 117 ) ],
"loop": true,
"name": "6run",
"speed": 5.0
}, {
"frames": [ SubResource( 118 ), SubResource( 119 ), SubResource( 120 ), SubResource( 121 ) ],
"loop": true,
"name": "2run",
"speed": 5.0
}, {
"frames": [ SubResource( 122 ), SubResource( 123 ), SubResource( 124 ), SubResource( 125 ) ],
"loop": true,
"name": "4run",
"speed": 5.0
} ]

[node name="Woman" type="RigidBody2D"]
mass = 0.01
gravity_scale = 0.0
script = ExtResource( 14 )

[node name="skin" type="AnimatedSprite" parent="."]
position = Vector2( 0, -22.5 )
scale = Vector2( 0.5, 0.5 )
frames = ExtResource( 2 )
animation = "8run"

[node name="skin_carry" type="AnimatedSprite" parent="."]
visible = false
scale = Vector2( 0.5, 0.5 )
frames = SubResource( 21 )
animation = "8run"

[node name="short" type="AnimatedSprite" parent="."]
position = Vector2( 0, -22.5 )
scale = Vector2( 0.5, 0.5 )
frames = ExtResource( 10 )
animation = "8run"

[node name="short_carry" type="AnimatedSprite" parent="."]
visible = false
scale = Vector2( 0.5, 0.5 )
frames = SubResource( 42 )
animation = "8run"

[node name="skirt" type="AnimatedSprite" parent="."]
position = Vector2( 0, -22.5 )
scale = Vector2( 0.5, 0.5 )
frames = ExtResource( 18 )
animation = "8run"

[node name="tunic" type="AnimatedSprite" parent="."]
position = Vector2( 0, -22.5 )
scale = Vector2( 0.5, 0.5 )
frames = ExtResource( 3 )
animation = "8run"

[node name="tunic_carry" type="AnimatedSprite" parent="."]
visible = false
scale = Vector2( 0.5, 0.5 )
frames = SubResource( 63 )
animation = "8run"

[node name="hair" type="AnimatedSprite" parent="."]
visible = false
scale = Vector2( 0.5, 0.5 )
frames = ExtResource( 1 )
animation = "8run"

[node name="headwear" type="AnimatedSprite" parent="."]
position = Vector2( 0, -22.5 )
scale = Vector2( 0.5, 0.5 )
frames = ExtResource( 16 )
animation = "8run"

[node name="earring" type="AnimatedSprite" parent="."]
position = Vector2( 0, -22.5 )
scale = Vector2( 0.5, 0.5 )
frames = ExtResource( 17 )
animation = "8run"

[node name="hair_carry" type="AnimatedSprite" parent="."]
visible = false
scale = Vector2( 0.5, 0.5 )
frames = SubResource( 84 )
animation = "8run"

[node name="boots" type="AnimatedSprite" parent="."]
position = Vector2( 0, -22.5 )
scale = Vector2( 0.5, 0.5 )
frames = ExtResource( 5 )
animation = "8run"

[node name="boots_carry" type="AnimatedSprite" parent="."]
visible = false
scale = Vector2( 0.5, 0.5 )
frames = SubResource( 105 )
animation = "8run"

[node name="belt" type="AnimatedSprite" parent="."]
position = Vector2( 0, -22.5 )
scale = Vector2( 0.5, 0.5 )
frames = ExtResource( 11 )
animation = "8run"

[node name="belt_carry" type="AnimatedSprite" parent="."]
visible = false
scale = Vector2( 0.5, 0.5 )
frames = SubResource( 126 )
animation = "8run"

[node name="chal" type="AnimatedSprite" parent="."]
position = Vector2( 0, -22.5 )
scale = Vector2( 0.5, 0.5 )
frames = ExtResource( 15 )
animation = "8run"

[node name="capa" type="AnimatedSprite" parent="."]
visible = false
scale = Vector2( 0.5, 0.5 )
frames = ExtResource( 4 )
animation = "8run"

[node name="Label" type="Label" parent="."]
visible = false
margin_left = -32.0
margin_top = -32.0
margin_right = 8.0
margin_bottom = -18.0
__meta__ = {
"_edit_use_anchors_": false
}
